1716 3164
550 123 612 164 ΙΙΙ
617 123 813 165 ΡῌΝΗ
854 127 888 167 Δ
891 126 931 168 E
940 127 1139 168 Y'I'EPA
1141 160 1149 169 .
1474 134 1500 186 ⁴l
1506 134 1590 191 0633

492 325 792 368 EIPHZVH
852 328 887 369 Δ
904 328 939 368 E
960 328 1201 372 YTEPA.

212 447 536 500 Aristophanem
569 452 671 493 duas
702 453 959 502 comoedias,
1005 453 1154 504 quibus
1185 453 1304 494 Pacis
1342 454 1470 496 fuerit
1507 469 1581 498 no-

100 529 208 566 men,
243 531 323 557 non
356 521 490 560 solum
521 523 758 575 scripsisse,
785 525 858 564 sed
895 525 1018 564 etiam
1050 524 1224 564 Athenis
1257 525 1449 565 docuisse
1479 539 1579 568 con-

97 591 178 626 stat
210 590 497 630 Eratosthenis
535 593 796 643 testimonio,
838 595 891 634 de
932 607 1013 646 quo
1044 594 1127 634 vid.
1159 596 1402 647 Argument.
1436 596 1577 639 Pacis:

101 654 290 710 Φέρεται
319 657 365 698 ἐν
398 660 496 707 ταῖς
527 659 836 712 διδασκαλίαις
873 664 948 704 καὶ
990 661 1141 717 ἑτέραν
1172 661 1410 717 δεδιδαχώς
1445 661 1578 722 Εἰρή-

93 738 177 776 νην
202 724 363 781 ὁμοίως
394 725 417 769 ὁ
450 725 801 788 Ἀριστοφάνης·
833 730 1002 784 ἄδηλοι
1031 731 1110 773 οὐν
1134 746 1273 787 φησιν
1300 730 1578 789 Ἰιοατοσθὲ-

88 809 166 846 νης
196 794 382 853 πότερον
411 798 495 851 τὴν
523 798 666 853 αὐτὴν
695 801 905 855 ἀνεδίδαξ
906 817 951 844 «ευ
980 819 1052 855 η
1039 802 1189 859 ἑτέραν
1217 804 1442 861 καθηκεν,
1482 801 1577 857 ἥτις

88 865 142 908 οὐ
170 864 364 919 σώζεται.
403 872 513 912 Satis
543 874 779 916 luculenter
810 880 984 929 apparet
1013 890 1062 916 ex
1091 876 1171 926 his,
1203 877 1376 916 alteram
1408 891 1574 920 comoe-

85 940 194 979 diam
212 955 292 981 non
309 934 458 983 lectam
478 957 571 984 esse
583 946 865 997 Eratostheni,
881 948 1022 999 itaque
1040 960 1134 986 eum
1153 947 1418 998 dubitavisse,
1434 954 1572 991 utrum
1632 942 1638 945 “

83 1010 189 1052 haec
220 1025 323 1053 nova
351 1013 480 1054 fuerit
518 1015 680 1066 fabula,
723 1031 773 1057 an
804 1018 994 1058 recensio
1027 1018 1128 1067 eius,
1160 1030 1266 1069 quae
1296 1024 1459 1059 serrata
1493 1024 1571 1070 est,

83 1082 151 1121 vel
180 1083 295 1135 prior
322 1084 390 1124 vel
418 1087 640 1137 posterior.
688 1089 744 1128 At
773 1089 930 1140 aliquot
959 1092 1097 1127 tamen
1129 1087 1315 1140 exempla
1345 1088 1470 1128 huius
1500 1102 1570 1130 co-

84 1153 275 1193 moediae
322 1160 483 1195 servata
520 1155 650 1197 fuisse
688 1159 976 1211 cognoscimus
1016 1171 1066 1197 ex
1104 1157 1252 1198 eodem
1283 1160 1568 1210 grammatico,

83 1223 154 1275 qui
187 1223 304 1264 Pacis
334 1230 622 1279 argumentum
654 1229 922 1281 conscripsit:
967 1221 1144 1280 Κράτης
1181 1227 1333 1279 μέντοι
1363 1223 1443 1268 δύο
1474 1218 1566 1268 οἶδε

83 1288 290 1346 δράματα
320 1291 504 1350 2002qu
533 1289 694 1344 οὕτως·
741 1293 898 1348 ,,”Λλλ
932 1293 1012 1337 οὐν
1040 1310 1087 1349 γε
1117 1295 1163 1336 ἐν
1192 1298 1283 1346 τοῖς
1319 1293 1565 1352 Ἀχαρνεῦ-

80 1375 155 1402 σιν
183 1358 211 1414 ἢ
246 1361 599 1418 Βαβυλωνίοις’
580 1381 606 1416 η
637 1366 684 1407 ἐν
722 1367 776 1425 τῆ
814 1365 973 1424 ἑτέρα
1010 1363 1219 1424 ΕιρήνῃΡ
1276 1368 1352 1408 καὶ
1390 1364 1564 1424 σπορά-

82 1431 165 1484 δην
196 1432 243 1475 δέ
272 1449 372 1476 τινα
402 1433 632 1491 ποιήματα
663 1437 990 1494 παρατίθεται,
1022 1431 1132 1492 ἅπερ
1162 1436 1210 1477 ἐν
1238 1436 1293 1495 τῇ
1322 1436 1402 1479 νῦν
1432 1453 1565 1495 φερο-

76 1504 188 1561 μένῃ
227 1503 306 1547 οὐκ
343 1505 476 1551 ἔστιν.
546 1511 692 1551 Crates
731 1512 900 1564 quidem
939 1515 1076 1551 utram
1108 1509 1365 1550 comoediam
1395 1511 1563 1552 intelle-

76 1578 204 1627 xerit,
234 1580 414 1621 discerni
443 1583 608 1634 nequit,
637 1596 731 1623 cum
762 1595 898 1634 neque
929 1594 1072 1621 versus
1104 1581 1336 1632 adscriptus
1366 1581 1444 1629 sit,
1484 1593 1562 1624 nec

77 1661 160 1697 res,
191 1650 243 1690 de
259 1663 338 1703 qua
355 1652 514 1702 dixerit,
545 1653 744 1703 indicata3
777 1653 872 1692 fieri
903 1653 1013 1692 enim
1037 1656 1188 1704 potest,
1219 1656 1264 1691 ut
1283 1651 1405 1700 hanc,
1437 1663 1559 1703 quam

78 1720 200 1759 etiam
218 1733 327 1761 nunc
355 1722 559 1775 integram
587 1736 847 1776 usurpamus,
873 1723 1130 1763 comoediam
1162 1721 1416 1761 intellexerit
1445 1735 1558 1762 eam.-

76 1802 158 1842 que
190 1788 268 1839 τήν
298 1787 448 1843 ἑτέραν
463 1796 683 1835 vocaverit.
717 1797 770 1835 At
795 1798 909 1834 certe
928 1795 1028 1833 duas
1046 1793 1282 1833 comoedias
1303 1792 1392 1831 eius
1423 1793 1557 1855 nomi.-

73 1861 136 1901 nis
167 1862 296 1903 fuisse
327 1870 585 1916 compertum
617 1866 935 1913 habuitGrates,
969 1869 1010 1903 et
1040 1864 1109 1903 alii
1141 1863 1414 1915 grammatici,
1444 1862 1557 1927 quod

71 1932 254 1973 dilucide
284 1939 428 1975 auctor
457 1937 691 1988 argumenti
720 1936 914 1984 affirmat,
941 1935 1003 1974 usi
1029 1939 1123 1974 sunt
1153 1933 1353 1985 exemplis
1384 1933 1554 1974 alterius

70 2003 261 2054 fabulae;
292 2010 417 2057 atque
447 1998 570 2047 etiam
602 2020 711 2046 nunc
735 2007 999 2060 reperiuntur
1029 2018 1192 2053 versus,
1231 2004 1303 2055 qui
1332 2004 1373 2043 in
1405 2015 1554 2056 super-

69 2075 165 2115 stite
196 2076 379 2116 editione
411 2090 493 2117 non
523 2078 737 2131 leguntur,
769 2090 944 2130 quorum
974 2076 1101 2115 fidem
1133 2075 1168 2115 si
1198 2075 1289 2126 quis
1320 2074 1551 2123 sustulerit,

70 2146 112 2186 id
156 2147 266 2198 quod
306 2147 407 2188 fecit
437 2148 676 2190 Dindorfius
706 2163 746 2202 p.
779 2150 924 2200 12111.
966 2152 1126 2186 temere
1167 2145 1357 2198 profecto
1395 2144 1550 2195 egerit:

69 2228 249 2268 namque
279 2218 625 2267 etiamsi-fuerint
654 2220 913 2259 recentiores
938 2216 1207 2269 grammatici,
1238 2221 1377 2254 tamen
1407 2214 1466 2253 illi
1498 2225 1550 2253 ex

69 2287 368 2338 antiquioribus
385 2287 643 2338 plerumque,
673 2287 871 2339 quidquid
904 2287 1188 2337 exemplorum
1219 2284 1451 2336 proferunt,
1480 2295 1549 2322 re-

68 2357 298 2408 petierunt;
337 2343 424 2410 isisa
461 2361 598 2397 autem
630 2357 862 2410 fragmenta
891 2369 983 2396 cum
1015 2356 1071 2394 ita
1103 2359 1336 2407 comparata
1368 2354 1470 2401 sint,
1500 2357 1547 2393 ut

66 2425 232 2467 fabulae
249 2432 492 2479 argumento
511 2428 772 2476 conveniant,
808 2427 945 2466 nullus
968 2427 1128 2465 videtur
1144 2424 1357 2465 dubitandi
1375 2423 1545 2463 relictus

68 2510 159 2537 esse
195 2498 326 2538 locus.
389 2499 471 2537 lam
504 2511 601 2538 vero
633 2499 755 2537 etiam
785 2498 852 2538 vel
880 2497 937 2545 id,
970 2497 1022 2536 de
1053 2509 1134 2548 quo
1175 2496 1410 2547 ambigebat
1439 2495 1543 2533 Era-

66 2568 310 2617 tosthenes,
350 2572 488 2620 potest
517 2568 569 2607 ad
600 2569 799 2621 liquidum
831 2567 1027 2621 perduci:
1069 2579 1150 2605 non
1192 2566 1373 2614 diversas
1410 2564 1542 2604 fuisse

67 2620 250 2687 fabulas,
290 2638 364 2678 sed
405 2638 591 2679 eiusdem
624 2639 866 2679 comoediae
901 2636 1168 2677 recensiones
1202 2635 1304 2674 duas
1343 2634 1539 2682 extitisse,

68 2713 240 2760 apparet
279 2722 329 2751 ex
360 2711 430 2751 Fr.
463 2709 516 2750 11.
556 2709 667 2762 quod
706 2723 757 2751 ex
790 2712 907 2764 parte
949 2719 1043 2748 cum
1082 2706 1268 2748 versibus
1307 2699 1541 2758 superstitis
