1716 3164
680 137 914 183 dxc->nl
1464 141 1547 183 '721

62 260 216 314 ,quibus
252 258 347 300 vide
383 258 631 299 Ciceronem
667 257 721 297 de
759 257 893 297 Divin.
926 257 944 297 1
983 257 1040 296 20
1078 260 1122 296 et
1157 256 1376 298 Aelianum
1408 255 1458 297 V.
1491 255 1546 295 H.

67 332 150 373 ΧΠ
186 331 257 371 46.
330 330 475 382 Itaque
514 329 583 369 hio
620 329 744 369 etiam
783 329 826 369 iu
871 327 988 369 affini
1032 327 1206 381 piscium
1251 327 1549 379 hominumque

68 403 235 445 nomine
263 401 376 441 lusit.

126 580 344 635 Λεπάσιν,
375 578 544 636 ἐχίνοις,
575 576 792 635 ἐσχάραις,
827 575 1031 633 βελόναις
1061 592 1105 618 τε
1137 580 1228 626 τοῖς
1257 577 1405 618 κτεσίν
1434 592 1494 619 τε,

126 666 281 724 Κῆρυξ
314 661 551 715 Θαλάσσης
581 662 811 720 τρόφιμος,
842 662 934 713 υἱὸς
965 660 1225 719 Πορφὺρας.

183 782 423 825 Athenaeus
455 780 513 820 111
544 795 584 833 p.
614 781 669 820 86
687 795 732 821 c:
760 775 1014 833 ”Αρχιππος
1055 775 1102 818 ‹5’
1134 776 1179 818 ἐν
1211 772 1426 831 Ἰχθύσιν
1466 775 1550 817 Λε-

15 876 17 912 7
71 847 208 894 πάσιν
245 849 335 893 κτλ.
376 856 418 891 et
455 853 595 904 paucis
634 853 892 892 interiectis:
937 849 1036 904 περὶ
1084 847 1130 889 δὲ
1169 847 1256 888 τῶν
1292 843 1491 902 κηρύκων
1527 842 1551 887 ὁ

15 973 17 979 ⁴
62 918 315 978 ”Αρχιππος
347 916 448 960 τάδε
479 920 593 974 λέγει
627 919 778 976 Κῆρυξ
806 919 896 961 κτλ.
965 923 1126 962 Horum
1165 933 1360 961 versuum
1393 921 1552 973 primus

69 996 274 1049 repetitur
306 994 436 1046 1111).
469 993 579 1034 901':
623 988 888 1047 μνημονεύει
936 987 986 1031 δ’
1029 986 1176 1030 αὐτῶν
1223 987 1438 1042 (κτενῶν)
1477 989 1554 1029 καὶ

62 1063 317 1120 ”Αρχιππος
352 1061 399 1103 ἐν
427 1059 644 1118 Ἰχθύσιν
671 1061 876 1105 Λὲπάσιν
897 1062 988 1103 κτλ.
1068 1065 1257 1115 Utroque
1283 1063 1375 1103 loco
1407 1063 1552 1115 vulga-

70 1141 192 1180 batur
220 1134 414 1177 κτένεσίν
444 1149 501 1187 τε,
533 1137 586 1177 de
610 1150 690 1189 quo
707 1138 870 1177 mireris
899 1136 1098 1175 iudicium
1115 1134 1554 1174 ButtmanniGramm.

74 1212 193 1251 uber.
227 1209 244 1248 1
275 1222 316 1261 p.
348 1209 444 1248 179.
504 1209 636 1249 Recte
667 1208 892 1249 Elmsleius
925 1208 1036 1247 Diar.
1068 1206 1217 1247 Edinb.
1251 1206 1331 1245 vol.
1362 1206 1416 1245 37
1447 1205 1556 1257 p.88

74 1281 238 1333 scripsit
266 1275 427 1327 utwiv,
458 1280 566 1331 quod
599 1279 727 1319 altero
758 1279 851 1318 loco
882 1278 1008 1318 habet
1041 1279 1164 1318 etiam
1197 1277 1288 1317 cod.
1322 1277 1444 1316 Laur.
1476 1276 1556 1315 nisi

75 1351 185 1404 quod
215 1351 251 1390 is
281 1347 427 1388 κτέσιν
457 1350 638 1391 exhibet.
698 1349 944 1389 Elmsleium
977 1355 1177 1400 sequutus
1208 1354 1272 1387 est
1302 1348 1556 1388 Dindorfius.

74 1424 273 1464 Thalassa
304 1426 346 1462 et
376 1421 595 1474 Porphyra
624 1421 840 1460 atticarum
872 1420 993 1459 simul
1025 1420 1245 1460 mulierum
1276 1421 1456 1460 nomina.

768 1544 862 1585 vn,

187 1630 427 1672 Athenaeus
471 1629 548 1671 VII
590 1643 629 1682 p.
661 1629 799 1670 277f:
846 1624 1113 1683 μνημονεύει
1161 1624 1207 1667 δ’
1248 1622 1397 1667 αὐτῶν
1440 1622 1557 1676 (τῶν

77 1696 238 1754 ἇμιῶν)
260 1695 515 1754 ”Λρχιππος
545 1697 592 1738 ἐν
618 1694 802 1753 Ἰχθύσι
825 1699 963 1755 λέγων
987 1693 1124 1748 οὕτως
1145 1692 1271 1738 ’Ότι
1299 1693 1346 1737 δ’
1365 1686 1558 1747 ,ἦσθες

77 1768 251 1826 ἀμίας
292 1767 550 1823 παχείας.
629 1772 901 1813 Scribendum
941 1773 1106 1812 videtur
1143 1762 1214 1810 ὅτε
1260 1764 1312 1808 δ’
1344 1764 1507 1818 ἧσθιες
1545 1767 1554 1824 1

78 1838 215 1896 ἀμίας
244 1840 442 1894 παχείας.
502 1842 593 1882 Nisi
623 1841 733 1882 forte
763 1850 946 1896 praestat
975 1835 1046 1882 ὅτε
1078 1832 1286 1893 δ’ἦσθες
1315 1834 1453 1894 ἀμίας
1482 1835 1561 1887 τὰς

78 1909 274 1968 παχείας.
333 1913 409 1954 Cfr
439 1913 547 1958 Hist.
580 1914 670 1955 crit.
699 1928 741 1967 p.
764 1916 862 1955 210.

767 2038 882 2079 VIII.

274 2119 370 2160 Καὶ
401 2117 483 2170 τὴν
512 2123 593 2175 μὲν
622 2118 773 2178 ἀφύην
803 2119 1117 2163 καταπέπωκεν
1145 2115 1334 2173 ἐντυχών

276 2201 453 2259 ἑψητός.

193 2319 433 2360 Athenaeus
464 2319 544 2360 VII
575 2333 616 2372 p.
647 2321 729 2360 301
750 2334 798 2360 a:
831 2315 1020 2371 Ἑψητός
1057 2317 1128 2356 ἐπὶ
1173 2315 1258 2356 τῶν
1295 2312 1464 2354 λεπτῶν
1493 2307 1561 2367 ἰχ-

82 2384 261 2428 θυδίων
297 2413 353 2420 --
380 2383 634 2442 ''Ag-(maog
667 2386 850 2442 Ἰχθύσι
885 2388 975 2428 Καὶ
1006 2386 1086 2437 τὴν
1114 2389 1194 2441 μὲν
1223 2386 1312 2428 κτλ.
1372 2388 1560 2439 Legeba-

82 2465 152 2499 tur
187 2453 351 2508 ἑψητὸς
386 2453 586 2512 ἐντυχών.
655 2461 881 2500 Elmsleius
914 2461 1023 2500 Diar.
1055 2461 1205 2500 Edinb.
1239 2459 1318 2499 voi.
1351 2458 1403 2497 19
1434 2473 1474 2511 p.
1503 2458 1560 2497 88

84 2530 291 2570 scribebat
327 2526 613 2583 καταπέπωχ’
649 2527 814 2584 ἑψητὸς
851 2526 1039 2583 ἐντυχών
1071 2544 1148 2577 τις.
1216 2530 1292 2570 Cfr
1324 2530 1433 2570 Hist.
1466 2530 1557 2568 crit.

83 2614 125 2654 p.
142 2601 238 2640 207.
272 2600 342 2640 ubi
373 2601 426 2641 de
454 2601 603 2654 Aphya
632 2603 862 2643 meretricis
892 2603 1059 2644 nomine
1090 2614 1196 2654 quae
1226 2601 1344 2640 attuli
1373 2600 1423 2640 iis
1453 2599 1560 2639 adde

84 2671 407 2711 Grammaticum
446 2673 626 2713 Bekkeri
666 2674 823 2715 Anecd.
862 2687 903 2727 p.
933 2663 1017 2713 203
1056 2673 1124 2713 15.
1165 2665 1371 2724 Ἀφύαι
1416 2664 1561 2723 ὄνομα

83 2736 274 2796 ἑταίρας.
330 2736 502 2792 ἐκλήθη
532 2738 578 2782 δὲ
608 2734 746 2791 οὕτως
775 2739 866 2785 ἀπὸ
896 2741 973 2793 τῆς
1003 2738 1170 2800 ἀφύης,
1208 2734 1317 2795 ὅπερ
1345 2740 1468 2780 ἐστὶν
1498 2734 1562 2792 ι’χ·

141 2821 309 2856 Comoed.
334 2824 406 2856 ant.
1241 2813 1297 2854 46
