1716 3164
153 171 155 179 “
196 176 306 231 12‘2'0'
697 181 1109 230 Amswornams

199 295 327 339 αὐτοὶ
353 296 396 338 οἱ
425 292 738 346 στασιάζοντες.
795 296 978 340 καλοῦσι
1005 298 1050 339 δὲ
1079 297 1153 339 καὶ
1181 295 1235 338 τὰ
1262 296 1483 353 πεφυκότα
1513 300 1640 355 σπέρ-

198 381 332 422 ματα.
390 359 525 414 οὕτως
550 362 893 423 Ἀριστοφάνης.

830 466 1007 508 CCLVI.

309 546 455 587 Pollux
484 548 562 590 V11
592 550 672 588 32:
701 543 967 601 Στήμονοι
997 545 1042 587 δὲ
1071 546 1359 604 ἑξεσμένον
1388 545 1464 588 τὸν
1495 543 1639 602 ἰσχνὸν

192 613 268 654 καὶ
296 613 411 656 λεῖον
434 612 764 672 Ἀριστοφάνης
793 616 915 670 λέγει.

818 729 1016 771 chVn.

308 810 603 852 Grammaticus
640 812 681 852 in
720 812 1092 853 Crameriunecd.
1125 812 1163 851 11
1204 826 1242 864 p.
1273 810 1328 850 53
1360 812 1431 850 14:
1468 807 1637 862 Στρε-

193 878 363 930 ψαῖος
392 875 415 918 ὁ
440 877 603 934 Ἑρμῆς
632 877 753 935 παρὰ
780 879 839 936 τῷ
863 875 1174 936 Ἀριστοφάνει
1192 877 1311 935 παρὰ
1329 877 1376 919 τὸ
1408 874 1637 933 διεστράφ-

194 945 284 987 θαι
310 945 388 995 τὰς
416 944 554 1003 ὄψεις.

812 1005 1031 1048 CCLVIII.

301 1086 448 1128 Pollux
478 1088 555 1130 V11
595 1089 697 1129 190:
739 1082 1272 1144 Στρογγυλοναύτάς
1309 1079 1634 1139 Ἀριστοφάνης

192 1152 317 1207 hm
825 1210 1004 1254 ccmx.

302 1293 479 1334 Photius
508 1308 548 1347 p.
569 1294 652 1336 567
682 1297 758 1336 17:
794 1291 1055 1342 Τάλιδος·
1087 1291 1162 1342 τῆς
1188 1288 1473 1345 μελλογάμου.
1503 1284 1637 1339 οὕτως

187 1357 527 1416 Ἀριστοφάνης.
582 1366 670 1404 Nisi
700 1378 791 1405 cum
824 1365 1032 1406 Meinekio
1065 1366 1230 1417 Quaest.
1261 1376 1317 1404 sc.
1350 1363 1387 1403 11
1417 1363 1635 1415 legendum

187 1429 429 1486 Σοφοκλῆς,
457 1433 545 1472 scil.
575 1434 710 1485 Antig.
738 1435 832 1474 624.

835 1515 991 1557 CCLX.

299 1597 479 1650 Etymol.
509 1597 568 1639 M.
599 1610 639 1650 p.
668 1599 751 1638 747
780 1599 820 1640 3.
859 1599 1031 1639 Photius
1067 1611 1107 1650 p.
1137 1597 1220 1637 570
1249 1597 1276 1636 3
1312 1601 1354 1637 et
1393 1598 1633 1638 Grammati-

189 1677 261 1706 cus
290 1666 538 1706 Bachmanni
570 1667 587 1706 1
617 1681 656 1719 p.
687 1668 768 1708 382
798 1668 850 1707 8:
892 1662 1180 1721 Τάρρωμα·
1222 1663 1300 1715 τὴν
1337 1664 1633 1715 κωπηλασίαν.

190 1724 327 1781 οὕτως
353 1729 691 1790 Ἀριστοφάνης.
822 1791 986 1833 CCLXI
1003 1759 1011 1763 -

300 1873 470 1914 Photius
499 1888 539 1927 p.
558 1875 642 1916 572
670 1877 697 1915 4
727 1880 768 1916 et
797 1875 1088 1915 Grammaticus
1117 1873 1362 1915 Bachmanni
1391 1886 1430 1926 p.
1445 1874 1526 1913 382
1557 1875 1631 1926 20ἶ

195 1937 393 1994 Τάχας·
454 1939 554 1990 τοὺς
595 1938 1002 1997 καταστοχασμούς,
1054 1939 1173 1996 παρὰ
1214 1940 1262 1981 τὸ
1305 1938 1429 1995 τάχα.
1499 1934 1633 1988 οὕτως

183 2006 525 2065 Ἀριστοφάνης.
555 2014 720 2056 Dixerat
747 2009 893 2067 aliquis
921 2014 972 2054 ad
1001 2014 1178 2053 taedium
1207 2025 1336 2065 usque
1357 2007 1480 2064 τάχα,
1511 2025 1631 2063 quem

189 2082 280 2122 risit
307 2086 444 2135 pocta.

831 2137 1030 2178 CCLXII.

301 2220 446 2261 Pollux
473 2220 552 2262 Vll
581 2221 657 2261 11:
693 2214 784 2272 Ἐφ’
817 2215 845 2259 ὃ
882 2217 927 2259 δὲ
955 2214 1267 2270 ἀναβαίνοντες
1302 2216 1346 2257 οἱ
1385 2215 1532 2257 δοῦλοι
1561 2231 1631 2257 πι-

191 2284 472 2344 πράσκονται,
501 2287 629 2330 τοῦτο
662 2286 928 2343 τράπεζαν
952 2283 1279 2342 Ἀριστοφάνης
1307 2285 1437 2327 καλεῖ.

814 2372 1034 2413 CCLXIII.

299 2457 527 2498 Scholiasta
556 2456 765 2509 Lysistrat.
798 2456 932 2496 1237:
985 2452 1322 2507 Τελαμῶνος]
1350 2447 1488 2506 Ἀρχή
1519 2464 1632 2499 τινος

189 2522 365 2565 σκολίου
392 2525 512 2565 Παῖ
540 2523 863 2578 Τελαμῶνος
892 2519 1141 2577 αἰχμητά.
1187 2522 1283 2576 περὶ
1313 2514 1366 2562 οὗ
1394 2517 1631 2570 δεδήλωται
1704 2544 1707 2546 -

189 2588 292 2642 ἤδη.
347 2597 401 2636 At
438 2596 479 2636 in
518 2596 801 2648 superstitibus
829 2595 975 2652 fabulis
1005 2607 1084 2635 non
1115 2599 1176 2634 est
1204 2594 1313 2634 facta
1341 2593 1489 2633 mentio
1517 2592 1628 2630 illius

190 2664 329 2712 scolii‚
358 2676 492 2715 neque
520 2665 561 2704 in
591 2664 756 2704 scholiis
786 2666 900 2716 quasi
930 2665 1062 2705 obiter
1087 2664 1166 2703 hoc
1196 2674 1358 2703 carmen
1388 2660 1627 2713 perstringi-

189 2735 269 2783 tur,
296 2734 433 2785 itaque
461 2734 512 2775 ad
541 2734 740 2786 perditam
771 2734 945 2786 aliquam
974 2733 1223 2774 comoediam
1253 2729 1403 2770 refero.
