1716 3164
577 172 1031 217 ARISTOPHANES.
1467 174 1554 216 897

68 291 164 333 dine
193 289 367 332 recessit
397 289 604 342 altiusque
633 288 715 330 fuit
739 288 987 341 repetitum,
1017 286 1204 328 insolens
1221 287 1353 328 visum
1384 291 1449 328 est
1477 300 1554 341 po-

66 362 188 416 pulo,
219 361 271 401 de
301 361 420 401 cuius
447 359 722 401 inconstantia
751 371 1034 411 perversoque
1061 358 1215 398 iudicio
1246 358 1428 410 graviter
1458 371 1557 398 con-

67 432 275 485 queriturz
312 435 353 471 at
391 432 469 472 etsi
509 431 685 471 mobiles
726 434 768 470 et
807 429 1089 469 inconstantes
1119 427 1293 469 fuerunt
1322 429 1558 470 Athenien-

20 519 23 522 *
65 503 172 544 sium
203 502 351 551 animi,
381 503 547 555 ingenia
576 504 714 540 tamen
746 505 864 540 erant
893 499 992 539 satis
1023 498 1192 538 subtilia
1223 503 1265 538 et
1294 503 1439 539 acuta:
1477 500 1557 539 ita·

68 586 163 626 qne,
204 586 450 625 quamquam
500 575 645 624 postea
685 571 860 610 eandem
892 570 985 610 fere
1024 569 1228 609 rationem
1275 574 1448 609 secutus
1494 574 1558 609 est

66 650 191 698 poeta
221 644 321 686 licet
353 646 679 695 temperamento
711 642 892 694 quodam
922 652 1051 690 usus,
1082 639 1203 680 valde
1236 644 1375 680 tamen
1399 639 1557 693 populo

68 719 131 756 est
160 716 372 769 probatus.

182 785 283 825 lnde
308 784 418 824 enim
435 783 485 823 ab
511 782 592 823 hoc
623 785 811 836 tempore
836 781 1150 834 Aristophanes,
1184 780 1345 821 etiamsi
1365 781 1554 834 publicas

69 871 138 897 res
168 868 425 909 nequaquam
459 867 482 894 a
511 867 557 894 se
587 853 890 906 segregaverit,
932 852 1132 893 latissime
1164 856 1206 892 et
1237 852 1452 892 liberrime
1484 865 1555 892 ex·
1623 891 1627 893 ,

71 926 272 980 spatiatur
306 930 555 976 omnemque
595 924 763 964 omnino
802 936 944 963 rerum
986 928 1027 962 et
1068 922 1344 962 humanarum
1383 927 1426 963 et
1455 923 1559 962 divi-

69 1010 213 1037 narum
245 997 406 1049 copiam
438 995 753 1048 complectitur:
786 1007 922 1046 neque
953 1007 1052 1034 vero
1084 1006 1151 1033 res
1183 993 1243 1032 uti
1274 997 1419 1045 gestae
1450 999 1561 1043 sunt,

68 1073 373 1121 repraesentat,
404 1068 479 1107 sed
511 1080 586 1120 pro
618 1067 789 1106 arbitrio
820 1065 1040 1118 ingeniosa
1071 1063 1248 1117 quadam
1279 1065 1452 1104 audacia
1482 1065 1563 1105 fin-

69 1140 130 1192 git
159 1153 207 1179 ac
238 1139 420 1191 refingit,
450 1138 509 1178 ita
537 1142 581 1177 ut
604 1137 804 1190 quidquid
823 1135 1011 1190 proferat
1039 1136 1081 1176 in
1113 1135 1312 1185 medium,
1342 1136 1385 1175 id
1411 1139 1564 1189 poetae

69 1211 121 1250 sit
151 1211 367 1263 proprIum
398 1221 446 1248 ac
475 1208 701 1261 peculiare.
756 1207 965 1248 Severitas
996 1210 1136 1247 autem
1166 1206 1239 1247 illa
1269 1211 1394 1258 atque
1423 1211 1566 1247 auste-

70 1280 196 1329 ritas,
227 1294 331 1332 quae
361 1281 402 1320 in
435 1279 642 1332 prioribus
673 1278 902 1318 comoediis
934 1278 1114 1327 eminet,
1143 1281 1376 1330 temperata
1407 1283 1471 1318 est
1500 1277 1566 1318 hi-

69 1351 232 1391 laritate
263 1355 304 1389 et
333 1349 493 1389 facetiis
525 1348 818 1401 lepidissimis:
850 1349 987 1388 omnia
1019 1348 1152 1396 enim,
1185 1349 1273 1387 sive
1304 1346 1570 1400 publicarum

70 1433 211 1461 rerum
270 1419 588 1473 perversitatem
634 1419 878 1471 perstringit
924 1425 996 1458 aut
1043 1418 1156 1470 pacis
1206 1418 1317 1458 bona
1356 1418 1569 1470 antiquive

71 1491 272 1544 temporis
316 1489 608 1544 praestantiam
650 1489 939 1537 commendat,
977 1488 1065 1528 sive
1107 1488 1272 1528 inanem
1303 1489 1569 1542 superstitio-

72 1576 168 1603 nem
198 1566 269 1602 aut
298 1561 467 1614 impiam
499 1559 670 1600 humani
700 1558 857 1612 ingenii
889 1560 1165 1612 arrogantiam
1193 1564 1325 1609 vexat,
1357 1559 1445 1599 sive
1476 1572 1568 1600 mu-

73 1633 220 1673 lierum
253 1632 459 1672 luxuriam
489 1637 532 1672 et
562 1631 755 1671 libidines
785 1630 1081 1683 reprehendit,
1121 1629 1210 1669 sive
1241 1629 1295 1669 de
1325 1630 1571 1683 tragoediae

74 1704 227 1743 artisve
270 1703 453 1743 musicae
493 1702 790 1755 depravatione
827 1701 1123 1753 conqueritur,
1154 1700 1392 1741 redundant
1422 1702 1572 1754 lepore

76 1776 119 1811 et
145 1772 248 1812 iocis
275 1773 374 1813 satis
401 1773 583 1812 urbanis.
615 1772 697 1812 Sed
716 1776 839 1825 poeta
870 1772 1055 1824 quamvis
1086 1771 1128 1811 in
1158 1776 1363 1823 perpetua
1393 1772 1572 1823 quadam

76 1842 195 1893 quasi
236 1841 463 1882 festivitate
500 1843 656 1882 versari
686 1843 900 1891 videatur,
943 1847 1081 1882 tamen
1121 1841 1164 1881 in
1202 1841 1294 1894 ipsa
1330 1843 1572 1883 commissa-

75 1912 189 1952 tione
219 1912 370 1952 seriam
402 1925 529 1964 saepe
560 1912 713 1952 exserit
747 1911 921 1960 faciem3
954 1912 1122 1952 omnino
1154 1924 1236 1964 que
1267 1911 1571 1964 Aristophanes

77 1983 319 2023 confirmata
349 1983 430 2023 iam
462 1987 599 2022 aetate
627 1981 721 2022 fere
753 1982 929 2022 eandem
971 1983 1201 2032 rationem,
1241 1995 1364 2035 quam
1397 1983 1573 2035 Eupolis

77 2055 141 2092 est
169 2057 431 2105 persecutus.
480 2051 667 2093 Persecti
695 2057 835 2093 autem
866 2057 1018 2105 poetae
1049 2053 1242 2093 divinitas
1272 2054 1315 2093 in
1347 2054 1462 2093 nulla
1492 2054 1574 2094 alia

77 2123 292 2164 comoedia
320 2127 405 2164 tam
435 2124 547 2163 clare
576 2124 733 2173 enitet,
765 2137 887 2176 quam
918 2124 960 2163 in
991 2123 1171 2172 Avibus,
1214 2122 1257 2163 in
1289 2136 1370 2175 qua
1402 2124 1572 2175 quidem

78 2195 293 2235 comoedia
331 2193 473 2235 nescio
503 2206 555 2234 au
602 2195 739 2235 omnis
785 2196 953 2236 omniuo
992 2208 1060 2236 ars
1099 2194 1355 2234 comicorum
1388 2195 1442 2234 sit
1472 2207 1572 2235 con-

79 2268 295 2305 summata.
374 2265 468 2304 Hoc
508 2270 648 2306 autem
683 2271 875 2318 tempore
913 2271 1040 2318 poeta
1081 2265 1247 2316 scripsit
1292 2264 1574 2318 Pmagonem,

89 2332 268 2386 Vespas,
299 2332 454 2372 Pacem
476 2335 691 2385 priorem,
722 2335 1061 2386 Amphiaraum,
1094 2334 1237 2382 Aves,
1268 2334 1573 2386 Lysistratam,

88 2401 538 2455 Thesmophoriazusas
558 2405 742 2457 priores,
774 2404 946 2444 Plutum.
967 2404 1173 2457 priorem,
1192 2403 1353 2453 Ranas,
1384 2404 1438 2444 de
1469 2415 1572 2457 qua-

81 2485 174 2513 rum
205 2472 441 2513 fabularum
473 2479 663 2526 tempore
694 2480 809 2515 certo
841 2478 1028 2524 constat,
1059 2477 1103 2514 et
1132 2476 1366 2526 praeterea,
1397 2479 1442 2514 ut
1473 2488 1571 2516 cou-

81 2543 177 2584 iicio
206 2542 434 2592 Lemnias,
465 2543 653 2595 Insulas,
685 2545 843 2585 Pacem
872 2546 938 2594 II,
971 2543 1224 2597 Agricolas,
1255 2543 1449 2595 Heroas,
1479 2544 1572 2586 Nu-

84 2613 152 2654 bes
179 2613 240 2662 II,
277 2613 728 2667 Thesmophoriazusas
758 2614 826 2666 II,
864 2615 1172 2669 Triphaktem,
1203 2627 1252 2655 ac
1280 2614 1462 2656 fortasse
1494 2615 1573 2656 Se-

84 2687 294 2724 nectutem
331 2688 374 2724 et
410 2680 631 2734 Σκηνας
667 2680 1246 2739 καταλαμβανούσας,
1295 2686 1575 2740 Anagyrum:

86 2751 162 2793 sed
191 2754 423 2795 accuratius
454 2755 631 2799 definire
664 2756 806 2799 studui
834 2769 911 2799 suo
941 2757 1063 2807 loco,
1105 2769 1187 2809 quo
1224 2761 1417 2810 tempore
1447 2770 1575 2810 quae-

152 2831 321 2867 Comoed.
356 2837 428 2868 ant.
1251 2825 1307 2866 57
