1716 3164
638 121 794 173 ΦΙΛΟ
802 119 1079 165 ΚἸἨΤΗΣ.
1503 118 1592 162 779

101 244 191 288 ²'Hc
217 239 386 298 μήποτ’
417 231 452 283 ὦ
484 241 571 282 παῖ
593 237 684 281 κτλ.
754 239 992 293 negebatur
1030 224 1058 286 ἦ
1098 247 1173 289 pro
1211 223 1309 291 ᾗσι
1338 226 1473 273 ταύτὸ
1508 244 1588 287 pro

108 311 287 357 ταύτόν.
365 315 539 356 Cot-rexi
579 314 746 365 quaest.
787 310 826 351 11
865 323 906 362 p.
938 309 1007 350 68.
1083 307 1197 348 Idem
1235 309 1380 360 postea
1417 316 1468 346 ex
1503 303 1590 346 Do-

108 387 223 429 braei
253 387 357 428 Adv.
391 386 429 426 11
461 399 501 438 p.
516 384 600 425 2⁰4
631 381 834 435 prolatum
867 385 942 420 est.
973 372 1034 427 εἰς
1063 373 1229 418 ταύτὸν
1256 373 1408 429 μολεῖν
1435 373 1590 418 dixisse

110 457 274 499 videtur
303 469 378 511 pro
409 448 728 502 συνουσιάζειν.

824 562 877 602 ΙΙ.

595 643 771 701 Ἐρινὸν
801 634 882 686 οὗν
915 639 1002 684 τιν’
1033 639 1171 692 αὐτῆς
1203 637 1393 691 πλησίον

281 727 489 783 νενόηκας
521 727 656 784 ὄντας

228 836 467 879 Athenaeus
498 836 559 876 ΙΙΙ
595 849 636 889 p.
666 835 785 875 ’ἴδει
823 828 875 872 τὸ
912 828 1119 885 δένδρον,
1160 826 1186 882 ἡ
1223 825 1358 886 ἀγρία
1395 824 1508 881 συκῆ
1545 826 1592 882 ἒξ

116 897 168 957 ἧς
196 905 251 946 τὰ
278 902 410 962 ἐρινά,
440 902 580 962 ἐρινὸς
608 900 722 946 κατὰ
751 900 802 945 τὸ
830 898 962 958 ἄρρεν
989 899 1176 955 λέγεται.
1214 898 1431 957 Στράττις
1453 898 1594 958 Τρωί-

116 975 177 1033 λῳ
205 973 379 1031 Ἐρινὸν
407 975 498 1017 κτλ.
560 977 622 1017 lta
656 973 1078 1028 Schweighaeuserus
1109 987 1185 1027 pro
1217 969 1373 1029 ἕρινον.
1433 974 1486 1016 V.
1515 974 1596 1015 Ar-

119 1048 258 1089 cadius
298 1049 350 1089 de
389 1062 474 1090 acc.
505 1062 546 1102 p.
577 1047 633 1087 65
665 1048 733 1088 18.
806 1046 1059 1099 caprificum
1102 1045 1243 1086 dicere
1282 1044 1448 1086 videtur
1489 1056 1597 1093 eam,

120 1120 236 1160 cuius
273 1120 471 1172 frequens
509 1123 573 1159 est
609 1119 652 1160 in
690 1118 817 1160 rebus
848 1117 1011 1159 Troicis
1050 1117 1262 1160 memoria.
1331 1116 1382 1159 V.
1415 1114 1533 1158 Iliad.
1563 1109 1597 1166 ζ

121 1189 220 1232 433.
250 1183 285 1229 λ’
315 1191 412 1231 167.
438 1183 477 1243 χ’
510 1188 605 1230 145.

726 1366 992 1375 ————

507 1524 1216 1573 ΦΙΛΟΚΤΗΤΗΣ.

834 1662 868 1704 1.

410 1742 532 1810 Κᾷτ’
563 1745 622 1801 εἰς
651 1747 819 1808 ἀγορὰν
847 1748 1059 1802 ἐλθόντες
1088 1748 1250 1809 ἁδρούς

406 1835 663 1894 ὀψωνοῖσιν
690 1833 905 1892 μεγάλους
934 1851 978 1877 τε
1011 1832 1208 1893 φάγρους

407 1924 484 1965 καὶ
514 1918 752 1980 Κωπᾴδων
782 1918 966 1962 ἁπαλῶν
994 1919 1159 1978 τεμάχη

413 2003 869 2065 στρογγυλοπλεύρων.

238 2122 479 2164 Athenaeus
508 2123 589 2166 vu
619 2123 818 2177 p.327e:
846 2115 1113 2176 μνημονεύει
1143 2119 1189 2162 δὲ
1217 2118 1299 2162 τοῦ
1327 2118 1503 2179 φάγρου
1530 2124 1607 2167 καὶ

127 2186 343 2248 Στράττις
380 2191 427 2233 ἐν
464 2192 742 2250 Λημνομέδᾳ
791 2219 846 2226 —
885 2189 961 2233 καὶ
1001 2190 1048 2232 ἐν
1091 2189 1345 2250 Φιλοκτήτῃ
1385 2184 1509 2252 Κᾷτ’
1546 2191 1609 2246 εἰς

131 2256 299 2317 ἀγοράν
326 2261 417 2306 κτλ.
473 2265 547 2307 Vs.
577 2266 604 2305 3
644 2270 741 2305 ante
771 2265 1031 2305 Dindorfium
1063 2262 1337 2305 Κωπαΐδων.
1380 2291 1436 2299 -—
1478 2268 1550 2311 Vs,
1579 2269 1610 2311 4

134 2328 573 2389 στρογγυλοπλεύρων
603 2334 1025 2387 Schweighaeuserus
1055 2347 1132 2387 pro
1164 2332 1609 2396 στρογγυλιπλεὺρων.

843 2457 897 2498 ΙΙ.

363 2536 478 2581 Οὐδ’
507 2538 554 2581 ἐν
581 2537 745 2599 κοπρίςι
778 2538 1018 2599 θησαυρὸν
1046 2539 1382 2597 ἐκβεβλημένον.

246 2653 395 2695 Pollux
425 2655 505 2697 V11
535 2655 642 2698 134:
682 2651 770 2696 ἀπὸ
801 2653 847 2696 δὲ
876 2654 964 2697 τῶν
991 2653 1186 2713 κοπρίων
1212 2655 1334 2715 παρὰ
1362 2659 1454 2710 τοῖς
1482 2658 1610 2703 πλεί-

140 2733 262 2773 στοις
298 2722 343 2765 οἱ
382 2722 605 2779 βολεῶνες.
661 2722 878 2784 Στράττις
906 2724 954 2768 δ’
994 2726 1042 2770 ἐν
1076 2728 1137 2789 τῷ
1170 2726 1422 2790 Φιλοκτήτῃ
1466 2732 1609 2789 φησὶν
