1716 3164
586 153 983 199 ΠΑΛΑΙΣΤΡΑ.
1448 150 1531 191 831

433 325 1064 372 ΠΑΛΑΙΣΤΡΑ.
1110 328 1151 378 ⁸)

778 465 810 506 l.

276 557 380 601 ‘032
410 558 493 615 γαρ
522 553 657 606 αὐτός
686 555 827 597 ἐστιν·
858 552 904 594 εἴ
927 567 970 594 τι
999 548 1216 608 γρύξομαι

279 637 342 686 ὦν
372 658 444 685 σοι
473 642 582 696 λέγω
613 641 747 683 πλέον
777 654 820 681 τι
849 637 1119 693 γαλαθηνοῦ
1147 632 1259 692 μυός
1289 663 1343 670 -—-

167 761 406 803 Athenaeus
436 757 535 800 Vlll
566 771 608 811 p.
626 756 710 797 396
729 769 763 797 c.
795 755 848 796 de
870 748 1136 808 γαλαθηνὸς
1165 752 1402 793 disserens:
1430 744 1538 789 Ἀλ-

54 831 175 879 καῖος
205 826 479 884 Παλαίστρᾳ
507 823 611 867 Ὀδὶ
640 823 724 880 γὰρ
752 824 844 868 κτλ.
908 827 979 868 Vs.
997 826 1021 866 l
1053 825 1179 878 vulgo
1210 817 1234 862 ὁ
1265 819 1342 872 δεῖ,
1373 821 1407 861 P
1430 815 1539 861 ὁδεί.

55 903 245 945 Correxit
260 901 697 954 Schweighaeuserus,
730 899 800 952 qui
823 897 932 951 quod
950 896 1137 951 praefert
1166 901 1304 936 tamen
1333 887 1431 943 ώδί,
1460 893 1539 934 im-

54 987 214 1015 memor
251 973 332 1013 fuit
370 972 576 1013 notissimi
606 982 706 1011 usus
737 968 994 1023 pronominis
1032 958 1122 1007 ὅδε.
1190 964 1350 1006 Ibidem
1387 959 1541 1018 γρύξο-

52 1058 137 1099 μαι
162 1045 284 1086 ΛΒΡ.
343 1040 550 1097 γρίξομαι
588 1042 675 1083 VL.
733 1066 790 1074 —-
847 1041 920 1082 Vs.
951 1040 979 1079 2
1021 1031 1134 1091 μυός
1163 1036 1286 1078 ΑΒΡ.
1345 1029 1421 1083 ὑός
1451 1035 1541 1079 VL.

53 1117 228 1157 Frustra
258 1115 469 1155 Porsonus
500 1114 552 1154 ad
584 1112 738 1165 Toupii
769 1110 948 1152 Emend.
979 1122 1020 1163 p.
1038 1109 1122 1149 499
1152 1104 1421 1160 γαλαθηνῆς
1451 1101 1541 1161 υός.

57 1187 104 1227 1η
133 1187 219 1226 fine
247 1197 390 1225 versus
421 1184 615 1225 lineolam
646 1183 787 1237 posui,
826 1186 874 1223 ut
911 1193 1099 1222 mancam
1141 1193 1233 1221 esse
1265 1182 1308 1220 et
1337 1179 1541 1233 imperfe-

0 1310 1 1316 ,
57 1262 166 1298 ctam
196 1257 426 1296 orationem
458 1256 751 1309 significarem.
822 1254 1085 1306 Sequebatur
1122 1250 1301 1294 fortasse
1330 1251 1373 1292 in
1403 1251 1541 1304 proxi-

58 1329 137 1369 mis
165 1325 307 1375 κακῶς
339 1322 543 1380 ὀλοίμην,
574 1325 641 1367 vel
671 1324 806 1366 simile
838 1324 951 1378 quid.

771 1448 824 1488 11.

236 1537 487 1596 Μυρίσασα
518 1537 876 1593 συγκατέκλεισεν
906 1533 1022 1578 ἀνθ’
1053 1532 1190 1588 αὐτῆς
1218 1531 1391 1593 λάθρᾳ.

175 1657 415 1699 Athenaeus
445 1657 524 1698 XV
554 1670 594 1710 p.
625 1656 707 1696 691
727 1656 774 1696 h:
815 1649 866 1694 τὸ
906 1649 951 1692 δὲ
986 1650 1245 1707 χρίσασθαι
1275 1650 1334 1708 τῷ
1362 1649 1547 1710 τοιούτῳ

62 1723 326 1781 ἀλείμματι,
365 1725 657 1782 μυρίσασθαι
693 1724 863 1780 εἴρηκεν
898 1719 1112 1773 Ἀλκαῖος
1148 1722 1197 1764 ἐν
1232 1721 1548 1780 Παλαίστραις

64 1794 313 1853 Μυρίσασα
342 1798 430 1839 κτλ.
481 1796 731 1853 Μυρίσασα
763 1797 1072 1850 Dalecampius:
1102 1797 1200 1836 libri
1228 1792 1434 1850 μυρίσας.
1484 1800 1549 1839 Ex

63 1870 269 1911 Athenaei
315 1871 453 1911 verbis
491 1871 716 1924 suspiceris
754 1869 953 1911 Alcaeum
1004 1868 1221 1920 scripsisse
1268 1869 1548 1923 μυρισαμένη

7 1939 9 1987 3
62 1939 319 1980 κατέκλεισε.
389 1942 477 1982 Sed
517 1941 695 1981 fortasse
731 1940 871 1994 paullo
907 1939 1188 1992 negligentius
1228 1939 1426 1992 loquutus
1470 1947 1548 1982 est.

7 2002 9 2015 ⁴
65 2014 128 2053 Ex
166 2013 383 2054 Athenaeo
422 2012 602 2065 profecit
640 2011 885 2053 Eustathius
924 2011 976 2051 ad
1015 2009 1132 2050 Iliad.
1163 2004 1212 2061 ψ’
1252 2023 1293 2063 p.
1327 2012 1438 2052 1295
1468 2015 1549 2053 20:

65 2079 353 2138 μυρίσασθαι
382 2085 463 2136 μὲν
490 2078 702 2131 Ἀλκαῖος
732 2081 859 2135 λέγει.
889 2084 1006 2135 Quae
1036 2081 1089 2121 ad
1118 2081 1294 2134 lyricum
1326 2082 1432 2123 falso
1463 2088 1549 2124 ret-

10 2155 11 2158 ’
67 2155 162 2195 tulit
192 2156 396 2196 Matthiae
428 2155 571 2196 Alcaei
601 2155 750 2210 fragm.
782 2154 964 2195 xxxix
993 2166 1035 2205 p.
1064 2152 1135 2193 41.
1205 2153 1432 2195 Praeterea
1462 2154 1549 2195 sor-

12 2263 13 2266 ,
67 2228 178 2266 tasse
214 2225 481 2266 scribendum
512 2223 808 2280 Παλαίστρᾳ,
850 2219 1121 2277 Σμυρίσασα
1153 2228 1233 2263 etc.
1273 2236 1380 2276 quae
1411 2225 1551 2266 forma

12 2315 13 2334 2
68 2295 109 2336 in
141 2290 295 2337 Alcaeo
324 2296 430 2336 nihil
460 2296 555 2354 miri
584 2297 773 2337 haberet.
833 2295 908 2336 cer
935 2296 1043 2336 nist.
1074 2294 1166 2334 crit.
1196 2306 1239 2346 p.
1270 2294 1369 2335 246.

779 2407 854 2448 ΠΙ.

183 2494 420 2534 Athenaeus
450 2493 552 2534 Vlll
592 2507 632 2546 p.
659 2492 784 2533 37⁰1·
817 2492 869 2532 de
910 2485 1096 2546 ῥαᾳάνῳ
1138 2504 1289 2544 agens:
1341 2486 1552 2541 Ἀλκαῖος

71 2560 342 2619 Παλαίστρᾳ
365 2559 506 2613 ’Han
536 2557 586 2603 δ’
618 2554 724 2618 ἧψε
749 2559 962 2618 χύτραν
992 2557 1271 2619 ῥαφάνων.
1318 2564 1549 2617 Loquntio-

73 2649 166 2676 nem
195 2630 322 2687 ἕψειν
346 2630 513 2690 χύτραν
541 2636 763 2677 illustravit
793 2635 982 2689 Toupius
1012 2635 1190 2677 Emend.
1220 2636 1302 2677 vol.
1328 2636 1387 2677 111
1418 2649 1460 2689 p.
1481 2637 1550 2677 17.

168 2770 199 2810 ⁸)
225 2770 266 2803 V.
290 2769 381 2804 Hist.
407 2769 483 2804 crit.
509 2781 542 2814 p.
567 2770 648 2804 248.
