<?xml version="1.0" encoding="UTF-8"?>
<!DOCTYPE html PUBLIC "-//W3C//DTD XHTML 1.0 Transitional//EN"
    "http://www.w3.org/TR/xhtml1/DTD/xhtml1-transitional.dtd">
<html xmlns="http://www.w3.org/1999/xhtml" xml:lang="en" lang="en">
 <head>
  <title>
</title>
<meta http-equiv="Content-Type" content="text/html;charset=utf-8" />
  <meta name='ocr-system' content='tesseract 3.04.00' />
  <meta name='ocr-capabilities' content='ocr_page ocr_carea ocr_par ocr_line ocrx_word'/>
</head>
<body>
  <div class='ocr_page' id='page_1' title='image "./fragmentacomicor02meinuoft_0616.png"; bbox 0 0 1716 3158; ppageno 0'>
   <div class='ocr_carea' id='block_1_1' title="bbox 227 169 1162 213">
    <p class='ocr_par' dir='ltr' id='par_1_1' title="bbox 227 169 1162 213">
     <span class='ocr_line' id='line_1_1' title="bbox 227 169 1162 213; baseline 0.001 -1"><span class='ocrx_word' id='word_1_1' title='bbox 227 170 336 212; x_wconf 74' lang='lat'><em>1814</em></span> <span class='ocrx_word' id='word_1_2' title='bbox 751 169 1162 213; x_wconf 75' lang='lat' dir='ltr'><em>AmsTOPnANJs</em></span> 
     </span>
    </p>
   </div>
   <div class='ocr_carea' id='block_1_2' title="bbox 339 280 1669 420">
    <p class='ocr_par' dir='ltr' id='par_1_2' title="bbox 339 280 1669 420">
     <span class='ocr_line' id='line_1_2' title="bbox 718 280 1181 322; baseline 0 -2"><span class='ocrx_word' id='word_1_3' title='bbox 718 280 941 322; x_wconf 68' lang='lat' dir='ltr'>CXCVIII.</span> <span class='ocrx_word' id='word_1_4' title='bbox 998 281 1181 322; x_wconf 83' lang='lat' dir='ltr'>CXCIX.</span> 
     </span>
     <span class='ocr_line' id='line_1_3' title="bbox 339 359 1669 420; baseline 0.004 -18"><span class='ocrx_word' id='word_1_5' title='bbox 339 363 510 404; x_wconf 73' lang='lat' dir='ltr'><strong>photius</strong></span> <span class='ocrx_word' id='word_1_6' title='bbox 540 374 579 414; x_wconf 81' lang='lat' dir='ltr'><em>p.</em></span> <span class='ocrx_word' id='word_1_7' title='bbox 612 361 693 401; x_wconf 80' lang='lat'><em>198</em></span> <span class='ocrx_word' id='word_1_8' title='bbox 724 363 802 401; x_wconf 84' lang='lat' dir='ltr'><em>ll:</em></span> <span class='ocrx_word' id='word_1_9' title='bbox 839 361 1122 403; x_wconf 84' lang='grc' dir='ltr'><em>Κωπαῖοι’</em></span> <span class='ocrx_word' id='word_1_10' title='bbox 1153 360 1328 416; x_wconf 67' lang='grc' dir='ltr'><em>σφῆκες.</em></span> <span class='ocrx_word' id='word_1_11' title='bbox 1383 359 1516 414; x_wconf 71' lang='grc' dir='ltr'><em>οὕτως</em></span> <span class='ocrx_word' id='word_1_12' title='bbox 1540 361 1669 420; x_wconf 78' lang='grc' dir='ltr'><em>Ἀρι-</em></span> 
     </span>
    </p>
   </div>
   <div class='ocr_carea' id='block_1_3' title="bbox 225 427 1669 865">
    <p class='ocr_par' dir='ltr' id='par_1_3' title="bbox 225 427 1669 865">
     <span class='ocr_line' id='line_1_4' title="bbox 225 427 1669 485; baseline 0.003 -15"><span class='ocrx_word' id='word_1_13' title='bbox 225 427 461 484; x_wconf 79' lang='grc' dir='ltr'><em>στοφάνης.</em></span> <span class='ocrx_word' id='word_1_14' title='bbox 515 457 569 464; x_wconf 88' lang='lat'><em>·--</em></span> <span class='ocrx_word' id='word_1_15' title='bbox 630 432 742 472; x_wconf 83' lang='lat' dir='ltr'><strong>Idem</strong></span> <span class='ocrx_word' id='word_1_16' title='bbox 772 445 811 484; x_wconf 86' lang='lat' dir='ltr'><em>p.</em></span> <span class='ocrx_word' id='word_1_17' title='bbox 842 433 920 472; x_wconf 81' lang='lat'><em>211</em></span> <span class='ocrx_word' id='word_1_18' title='bbox 954 434 1030 473; x_wconf 78' lang='lat'><em>21:</em></span> <span class='ocrx_word' id='word_1_19' title='bbox 1071 431 1422 485; x_wconf 74' lang='grc' dir='ltr'><em>Λεγωνῆσαι·</em></span> <span class='ocrx_word' id='word_1_20' title='bbox 1460 432 1555 475; x_wconf 79' lang='grc' dir='ltr'><em>ἀντὶ</em></span> <span class='ocrx_word' id='word_1_21' title='bbox 1594 434 1669 475; x_wconf 81' lang='grc' dir='ltr'><em>τοῦ</em></span> 
     </span>
     <span class='ocr_line' id='line_1_5' title="bbox 225 495 953 555; baseline 0 -15"><span class='ocrx_word' id='word_1_22' title='bbox 225 500 394 542; x_wconf 79' lang='grc' dir='ltr'><em>παῖσαι.</em></span> <span class='ocrx_word' id='word_1_23' title='bbox 455 495 590 548; x_wconf 80' lang='grc' dir='ltr'><em>οὕτως</em></span> <span class='ocrx_word' id='word_1_24' title='bbox 616 495 953 555; x_wconf 73' lang='grc' dir='ltr'><strong><em>Ἀριστοφάνης.</em></strong></span> 
     </span>
     <span class='ocr_line' id='line_1_6' title="bbox 839 591 1083 630; baseline -0.004 0"><span class='ocrx_word' id='word_1_25' title='bbox 839 591 921 630; x_wconf 86' lang='lat' dir='ltr'><em>CC.</em></span> <span class='ocrx_word' id='word_1_26' title='bbox 981 591 1083 630; x_wconf 80' lang='lat' dir='ltr'>CCI.</span> 
     </span>
     <span class='ocr_line' id='line_1_7' title="bbox 335 667 1668 726; baseline 0.002 -13"><span class='ocrx_word' id='word_1_27' title='bbox 335 674 480 714; x_wconf 83' lang='lat' dir='ltr'><strong>Pollux</strong></span> <span class='ocrx_word' id='word_1_28' title='bbox 509 674 565 715; x_wconf 82' lang='lat' dir='ltr'><em>Vl</em></span> <span class='ocrx_word' id='word_1_29' title='bbox 594 674 672 714; x_wconf 86' lang='lat'><em>86:</em></span> <span class='ocrx_word' id='word_1_30' title='bbox 701 667 1031 726; x_wconf 78' lang='grc' dir='ltr'><strong><em>Ἀριστοφάνης</em></strong></span> <span class='ocrx_word' id='word_1_31' title='bbox 1059 668 1358 721; x_wconf 79' lang='grc' dir='ltr'><em>λεκανίσκη</em></span> <span class='ocrx_word' id='word_1_32' title='bbox 1374 684 1410 713; x_wconf 87' lang='grc' dir='ltr'><em>ν.</em></span> <span class='ocrx_word' id='word_1_33' title='bbox 1456 698 1509 705; x_wconf 90' lang='grc'><strong>-</strong></span> <span class='ocrx_word' id='word_1_34' title='bbox 1558 674 1668 715; x_wconf 86' lang='lat' dir='ltr'><strong>Idem</strong></span> 
     </span>
     <span class='ocr_line' id='line_1_8' title="bbox 225 737 1351 795; baseline -0.003 -10"><span class='ocrx_word' id='word_1_35' title='bbox 225 744 301 785; x_wconf 86' lang='lat' dir='ltr'><em>vn</em></span> <span class='ocrx_word' id='word_1_36' title='bbox 332 744 438 783; x_wconf 82' lang='lat'>196:</span> <span class='ocrx_word' id='word_1_37' title='bbox 467 740 615 793; x_wconf 79' lang='grc' dir='ltr'><em>Λιβα</em></span> <span class='ocrx_word' id='word_1_38' title='bbox 628 753 650 780; x_wconf 93' lang='grc' dir='ltr'><em>ν</em></span> <span class='ocrx_word' id='word_1_39' title='bbox 664 754 729 780; x_wconf 88' lang='grc' dir='ltr'><em>ωτ</em></span> <span class='ocrx_word' id='word_1_40' title='bbox 744 754 767 780; x_wconf 95' lang='grc' dir='ltr'><em>ο</em></span> <span class='ocrx_word' id='word_1_41' title='bbox 783 754 857 780; x_wconf 85' lang='grc' dir='ltr'><em>πω</em></span> <span class='ocrx_word' id='word_1_42' title='bbox 872 739 988 780; x_wconf 74' lang='grc' dir='ltr'><em>λεῖν</em></span> <span class='ocrx_word' id='word_1_43' title='bbox 1015 737 1351 795; x_wconf 67' lang='grc' dir='ltr'><em>Ἀριστοφάνης.</em></span> 
     </span>
     <span class='ocr_line' id='line_1_9' title="bbox 884 825 1007 865; baseline 0 -1"><span class='ocrx_word' id='word_1_44' title='bbox 884 825 1007 865; x_wconf 80' lang='lat' dir='ltr'>CCII.</span> 
     </span>
    </p>
   </div>
   <div class='ocr_carea' id='block_1_4' title="bbox 220 902 1668 1236">
    <p class='ocr_par' dir='ltr' id='par_1_4' title="bbox 220 902 1668 1236">
     <span class='ocr_line' id='line_1_10' title="bbox 336 902 1668 961; baseline -0.002 -12"><span class='ocrx_word' id='word_1_45' title='bbox 336 908 630 949; x_wconf 81' lang='lat' dir='ltr'>Grammaticus</span> <span class='ocrx_word' id='word_1_46' title='bbox 671 908 712 947; x_wconf 91' lang='lat' dir='ltr'><strong>in</strong></span> <span class='ocrx_word' id='word_1_47' title='bbox 758 908 940 947; x_wconf 74' lang='lat' dir='ltr'><strong>Cramer-i</strong></span> <span class='ocrx_word' id='word_1_48' title='bbox 986 908 1137 949; x_wconf 88' lang='lat' dir='ltr'><strong>Anecd.</strong></span> <span class='ocrx_word' id='word_1_49' title='bbox 1171 909 1208 948; x_wconf 92' lang='lat'><em>11</em></span> <span class='ocrx_word' id='word_1_50' title='bbox 1248 923 1287 961; x_wconf 91' lang='lat' dir='ltr'><em>p.</em></span> <span class='ocrx_word' id='word_1_51' title='bbox 1317 909 1398 948; x_wconf 79' lang='lat'><em>239</em></span> <span class='ocrx_word' id='word_1_52' title='bbox 1435 909 1483 948; x_wconf 81' lang='lat'><em>8:</em></span> <span class='ocrx_word' id='word_1_53' title='bbox 1522 902 1579 946; x_wconf 77' lang='lat'><em>‘0</em></span> <span class='ocrx_word' id='word_1_54' title='bbox 1622 905 1668 947; x_wconf 77' lang='grc' dir='ltr'><em>δὲ</em></span> 
     </span>
     <span class='ocr_line' id='line_1_11' title="bbox 220 967 1667 1031; baseline -0.001 -14"><span class='ocrx_word' id='word_1_55' title='bbox 220 974 451 1031; x_wconf 83' lang='grc' dir='ltr'><em>’.Ωριγένης</em></span> <span class='ocrx_word' id='word_1_56' title='bbox 482 974 555 1016; x_wconf 82' lang='grc' dir='ltr'><em>διὰ</em></span> <span class='ocrx_word' id='word_1_57' title='bbox 584 974 660 1015; x_wconf 83' lang='grc' dir='ltr'><em>τοῦ</em></span> <span class='ocrx_word' id='word_1_58' title='bbox 689 989 704 1015; x_wconf 89' lang='grc' dir='ltr'><em>ι</em></span> <span class='ocrx_word' id='word_1_59' title='bbox 735 974 845 1027; x_wconf 74' lang='grc' dir='ltr'><em>λέγει</em></span> <span class='ocrx_word' id='word_1_60' title='bbox 873 972 1147 1029; x_wconf 61' lang='grc' dir='ltr'><em>γράφεσθαι,</em></span> <span class='ocrx_word' id='word_1_61' title='bbox 1177 967 1272 1015; x_wconf 79' lang='grc' dir='ltr'><em>οἷον</em></span> <span class='ocrx_word' id='word_1_62' title='bbox 1299 1002 1353 1008; x_wconf 85' lang='lat'>—</span> <span class='ocrx_word' id='word_1_63' title='bbox 1382 971 1488 1029; x_wconf 81' lang='grc' dir='ltr'><em>παρ’</em></span> <span class='ocrx_word' id='word_1_64' title='bbox 1521 971 1667 1028; x_wconf 72' lang='grc' dir='ltr'><em>Εὐφο-</em></span> 
     </span>
     <span class='ocr_line' id='line_1_12' title="bbox 224 1043 1667 1101; baseline -0.001 -15"><span class='ocrx_word' id='word_1_65' title='bbox 224 1045 346 1101; x_wconf 79' lang='grc' dir='ltr'><em>ρίωνι</em></span> <span class='ocrx_word' id='word_1_66' title='bbox 386 1043 722 1086; x_wconf 69' lang='grc' dir='ltr'><em>λιποκτένίασσα</em></span> <span class='ocrx_word' id='word_1_67' title='bbox 769 1046 1015 1098; x_wconf 80' lang='lat' dir='ltr'><strong>(legendum</strong></span> <span class='ocrx_word' id='word_1_68' title='bbox 1054 1044 1357 1095; x_wconf 80' lang='grc' dir='ltr'><em>λιποκτέανος)</em></span> <span class='ocrx_word' id='word_1_69' title='bbox 1396 1044 1667 1095; x_wconf 85' lang='grc' dir='ltr'><em>λιποναῦται,</em></span> 
     </span>
     <span class='ocr_line' id='line_1_13' title="bbox 224 1109 1666 1167; baseline -0.001 -11"><span class='ocrx_word' id='word_1_70' title='bbox 224 1114 559 1166; x_wconf 80' lang='grc' dir='ltr'><em>λιποταξίου</em></span> <span class='ocrx_word' id='word_1_71' title='bbox 598 1111 715 1167; x_wconf 84' lang='grc' dir='ltr'><em>παρὰ</em></span> <span class='ocrx_word' id='word_1_72' title='bbox 741 1109 1054 1167; x_wconf 77' lang='grc' dir='ltr'><em>Ἀριστοφάνει</em></span> <span class='ocrx_word' id='word_1_73' title='bbox 1127 1116 1219 1154; x_wconf 86' lang='lat' dir='ltr'><em>Hoc</em></span> <span class='ocrx_word' id='word_1_74' title='bbox 1247 1119 1402 1154; x_wconf 80' lang='lat' dir='ltr'><strong>tantum</strong></span> <span class='ocrx_word' id='word_1_75' title='bbox 1430 1115 1666 1166; x_wconf 77' lang='lat' dir='ltr'><strong>Aristopha-</strong></span> 
     </span>
     <span class='ocr_line' id='line_1_14' title="bbox 223 1181 1560 1236; baseline -0.003 -9"><span class='ocrx_word' id='word_1_76' title='bbox 223 1188 286 1227; x_wconf 79' lang='lat' dir='ltr'><strong>nis</strong></span> <span class='ocrx_word' id='word_1_77' title='bbox 317 1199 407 1227; x_wconf 86' lang='lat' dir='ltr'><strong>esse</strong></span> <span class='ocrx_word' id='word_1_78' title='bbox 437 1186 624 1233; x_wconf 68' lang='lat' dir='ltr'><strong>videtur,</strong></span> <span class='ocrx_word' id='word_1_79' title='bbox 655 1184 826 1223; x_wconf 78' lang='lat' dir='ltr'><strong>alterum</strong></span> <span class='ocrx_word' id='word_1_80' title='bbox 854 1184 953 1223; x_wconf 88' lang='lat' dir='ltr'><strong>illud</strong></span> <span class='ocrx_word' id='word_1_81' title='bbox 985 1181 1241 1222; x_wconf 84' lang='grc' dir='ltr'><em>λιποναῦται</em></span> <span class='ocrx_word' id='word_1_82' title='bbox 1273 1183 1560 1236; x_wconf 83' lang='lat' dir='ltr'><strong>Euphorionis.</strong></span> 
     </span>
    </p>
   </div>
   <div class='ocr_carea' id='block_1_5' title="bbox 872 1267 1016 1306">
    <p class='ocr_par' dir='ltr' id='par_1_5' title="bbox 872 1267 1016 1306">
     <span class='ocr_line' id='line_1_15' title="bbox 872 1267 1016 1306; baseline -0.007 0"><span class='ocrx_word' id='word_1_83' title='bbox 872 1267 1016 1306; x_wconf 82' lang='lat' dir='ltr'><strong>ccul.</strong></span> 
     </span>
    </p>
   </div>
   <div class='ocr_carea' id='block_1_6' title="bbox 222 1343 1670 1884">
    <p class='ocr_par' dir='ltr' id='par_1_6' title="bbox 222 1343 1670 1884">
     <span class='ocr_line' id='line_1_16' title="bbox 335 1343 1670 1401; baseline -0.001 -13"><span class='ocrx_word' id='word_1_84' title='bbox 335 1349 595 1401; x_wconf 81' lang='lat' dir='ltr'>Phrynichus</span> <span class='ocrx_word' id='word_1_85' title='bbox 626 1362 665 1401; x_wconf 88' lang='lat' dir='ltr'><em>p.</em></span> <span class='ocrx_word' id='word_1_86' title='bbox 696 1349 773 1388; x_wconf 80' lang='lat'><em>321</em></span> <span class='ocrx_word' id='word_1_87' title='bbox 808 1349 872 1389; x_wconf 87' lang='lat' dir='ltr'><em>ed.</em></span> <span class='ocrx_word' id='word_1_88' title='bbox 904 1349 1090 1389; x_wconf 85' lang='lat' dir='ltr'><strong>Lobeck:</strong></span> <span class='ocrx_word' id='word_1_89' title='bbox 1124 1343 1408 1400; x_wconf 69' lang='grc' dir='ltr'><em>Κοχλιάριον’</em></span> <span class='ocrx_word' id='word_1_90' title='bbox 1439 1345 1566 1387; x_wconf 83' lang='grc' dir='ltr'><em>τοῦτο</em></span> <span class='ocrx_word' id='word_1_91' title='bbox 1595 1344 1670 1387; x_wconf 86' lang='grc' dir='ltr'><em>λί-</em></span> 
     </span>
     <span class='ocr_line' id='line_1_17' title="bbox 224 1411 1669 1471; baseline -0.001 -15"><span class='ocrx_word' id='word_1_92' title='bbox 224 1429 395 1471; x_wconf 88' lang='grc' dir='ltr'><em>στρον</em></span> <span class='ocrx_word' id='word_1_93' title='bbox 435 1412 763 1469; x_wconf 60' lang='grc' dir='ltr'><em>Ἀριστοφάνης</em></span> <span class='ocrx_word' id='word_1_94' title='bbox 806 1411 830 1455; x_wconf 89' lang='grc' dir='ltr'><em>ὁ</em></span> <span class='ocrx_word' id='word_1_95' title='bbox 875 1414 1178 1471; x_wconf 69' lang='grc' dir='ltr'><em>κωμωδοποιὸςῑ</em></span> <span class='ocrx_word' id='word_1_96' title='bbox 1221 1415 1341 1465; x_wconf 61' lang='grc' dir='ltr'><em>λέγει,</em></span> <span class='ocrx_word' id='word_1_97' title='bbox 1408 1416 1481 1455; x_wconf 86' lang='grc' dir='ltr'><em>καὶ</em></span> <span class='ocrx_word' id='word_1_98' title='bbox 1526 1413 1580 1455; x_wconf 84' lang='grc' dir='ltr'><em>σὺ</em></span> <span class='ocrx_word' id='word_1_99' title='bbox 1623 1414 1669 1455; x_wconf 73' lang='grc' dir='ltr'><em>δὲ</em></span> 
     </span>
     <span class='ocr_line' id='line_1_18' title="bbox 223 1479 1670 1539; baseline -0.001 -13"><span class='ocrx_word' id='word_1_100' title='bbox 223 1479 335 1526; x_wconf 74' lang='grc' dir='ltr'><em>οὕτω</em></span> <span class='ocrx_word' id='word_1_101' title='bbox 364 1484 470 1536; x_wconf 80' lang='grc' dir='ltr'><em>λέγε.</em></span> <span class='ocrx_word' id='word_1_102' title='bbox 536 1487 619 1525; x_wconf 80' lang='lat' dir='ltr'><em>lam</em></span> <span class='ocrx_word' id='word_1_103' title='bbox 651 1499 742 1525; x_wconf 84' lang='lat' dir='ltr'><em>cum</em></span> <span class='ocrx_word' id='word_1_104' title='bbox 771 1487 880 1525; x_wconf 86' lang='lat' dir='ltr'><strong>idem</strong></span> <span class='ocrx_word' id='word_1_105' title='bbox 913 1487 1167 1538; x_wconf 79' lang='lat' dir='ltr'><strong>Phrynichus</strong></span> <span class='ocrx_word' id='word_1_106' title='bbox 1196 1486 1370 1525; x_wconf 82' lang='lat' dir='ltr'><strong>Bekkeri</strong></span> <span class='ocrx_word' id='word_1_107' title='bbox 1399 1500 1440 1539; x_wconf 86' lang='lat' dir='ltr'><em>p.</em></span> <span class='ocrx_word' id='word_1_108' title='bbox 1469 1486 1519 1526; x_wconf 85' lang='lat'><em>51</em></span> <span class='ocrx_word' id='word_1_109' title='bbox 1553 1488 1579 1525; x_wconf 81' lang='grc'>9</span> <span class='ocrx_word' id='word_1_110' title='bbox 1610 1486 1670 1525; x_wconf 80' lang='lat' dir='ltr'><em>di-</em></span> 
     </span>
     <span class='ocr_line' id='line_1_19' title="bbox 224 1548 1668 1607; baseline -0.003 -11"><span class='ocrx_word' id='word_1_111' title='bbox 224 1560 309 1596; x_wconf 73' lang='lat' dir='ltr'><strong>cat:</strong></span> <span class='ocrx_word' id='word_1_112' title='bbox 349 1551 641 1606; x_wconf 85' lang='grc' dir='ltr'><em>Λίστριον·</em></span> <span class='ocrx_word' id='word_1_113' title='bbox 681 1551 728 1592; x_wconf 92' lang='grc' dir='ltr'><em>τὸ</em></span> <span class='ocrx_word' id='word_1_114' title='bbox 773 1550 856 1592; x_wconf 80' lang='grc' dir='ltr'><em>ὑπὸ</em></span> <span class='ocrx_word' id='word_1_115' title='bbox 896 1550 981 1590; x_wconf 77' lang='grc' dir='ltr'><em>τῶν</em></span> <span class='ocrx_word' id='word_1_116' title='bbox 1010 1551 1179 1591; x_wconf 77' lang='grc' dir='ltr'><em>πολλῶν</em></span> <span class='ocrx_word' id='word_1_117' title='bbox 1207 1551 1473 1607; x_wconf 67' lang='grc' dir='ltr'><em>καλούμενον</em></span> <span class='ocrx_word' id='word_1_118' title='bbox 1498 1548 1668 1606; x_wconf 85' lang='grc' dir='ltr'><em>κοχλιά-</em></span> 
     </span>
     <span class='ocr_line' id='line_1_20' title="bbox 223 1615 1667 1677; baseline -0.002 -14"><span class='ocrx_word' id='word_1_119' title='bbox 223 1635 332 1677; x_wconf 87' lang='grc' dir='ltr'><em>ριον.</em></span> <span class='ocrx_word' id='word_1_120' title='bbox 379 1615 579 1676; x_wconf 56' lang='grc' dir='ltr'><em>(Όμηρος</em></span> <span class='ocrx_word' id='word_1_121' title='bbox 617 1623 792 1675; x_wconf 79' lang='lat' dir='ltr'><strong>(Odyss.</strong></span> <span class='ocrx_word' id='word_1_122' title='bbox 818 1636 846 1675; x_wconf 90' lang='grc' dir='ltr'><em>χ</em></span> <span class='ocrx_word' id='word_1_123' title='bbox 875 1622 984 1671; x_wconf 85' lang='lat'>455)</span> <span class='ocrx_word' id='word_1_124' title='bbox 1029 1622 1106 1672; x_wconf 76' lang='grc' dir='ltr'><em>μὲν</em></span> <span class='ocrx_word' id='word_1_125' title='bbox 1141 1620 1316 1674; x_wconf 83' lang='grc' dir='ltr'><em>λίστρον</em></span> <span class='ocrx_word' id='word_1_126' title='bbox 1353 1621 1428 1661; x_wconf 88' lang='grc' dir='ltr'><em>τὸν</em></span> <span class='ocrx_word' id='word_1_127' title='bbox 1465 1620 1667 1674; x_wconf 75' lang='grc' dir='ltr'><em>ξυστῆρσι,</em></span> 
     </span>
     <span class='ocr_line' id='line_1_21' title="bbox 223 1680 1669 1745; baseline 0 -14"><span class='ocrx_word' id='word_1_128' title='bbox 223 1682 276 1731; x_wconf 83' lang='grc' dir='ltr'><em>οὗ</em></span> <span class='ocrx_word' id='word_1_129' title='bbox 317 1687 645 1745; x_wconf 79' lang='grc' dir='ltr'><em>ὑποκοριστικόν</em></span> <span class='ocrx_word' id='word_1_130' title='bbox 685 1690 899 1745; x_wconf 82' lang='grc' dir='ltr'><em>λίστριον,</em></span> <span class='ocrx_word' id='word_1_131' title='bbox 936 1683 1030 1729; x_wconf 83' lang='grc' dir='ltr'><em>οἷον</em></span> <span class='ocrx_word' id='word_1_132' title='bbox 1069 1690 1354 1745; x_wconf 75' lang='grc' dir='ltr'><em>ξυστηρίόιον.</em></span> <span class='ocrx_word' id='word_1_133' title='bbox 1422 1689 1555 1732; x_wconf 65' lang='grc' dir='ltr'><em>ἔοικεν</em></span> <span class='ocrx_word' id='word_1_134' title='bbox 1591 1680 1669 1731; x_wconf 80' lang='grc' dir='ltr'><em>οὗν</em></span> 
     </span>
     <span class='ocr_line' id='line_1_22' title="bbox 223 1753 1666 1819; baseline 0 -19"><span class='ocrx_word' id='word_1_135' title='bbox 223 1758 274 1800; x_wconf 87' lang='grc' dir='ltr'><em>τὸ</em></span> <span class='ocrx_word' id='word_1_136' title='bbox 303 1759 474 1813; x_wconf 80' lang='grc' dir='ltr'><em>πρῶτον</em></span> <span class='ocrx_word' id='word_1_137' title='bbox 501 1759 672 1819; x_wconf 64' lang='grc' dir='ltr'><em>τοιοῦτο</em></span> <span class='ocrx_word' id='word_1_138' title='bbox 702 1757 1052 1801; x_wconf 68' lang='grc' dir='ltr'><em>κατεσκευάσθαι</em></span> <span class='ocrx_word' id='word_1_139' title='bbox 1082 1753 1234 1812; x_wconf 79' lang='grc' dir='ltr'><em>ὅμοιον</em></span> <span class='ocrx_word' id='word_1_140' title='bbox 1263 1757 1380 1816; x_wconf 77' lang='grc' dir='ltr'><em>πτύῳ</em></span> <span class='ocrx_word' id='word_1_141' title='bbox 1411 1756 1666 1816; x_wconf 79' lang='grc' dir='ltr'><em>στρογγύλῳ,</em></span> 
     </span>
     <span class='ocr_line' id='line_1_23' title="bbox 222 1827 1419 1884; baseline -0.001 -13"><span class='ocrx_word' id='word_1_142' title='bbox 222 1831 458 1871; x_wconf 86' lang='lat' dir='ltr'><strong>Dindorfius</strong></span> <span class='ocrx_word' id='word_1_143' title='bbox 487 1832 662 1872; x_wconf 84' lang='lat' dir='ltr'><strong>coniecit</strong></span> <span class='ocrx_word' id='word_1_144' title='bbox 692 1832 1005 1884; x_wconf 78' lang='lat' dir='ltr'><strong>Aristophanem</strong></span> <span class='ocrx_word' id='word_1_145' title='bbox 1034 1827 1226 1883; x_wconf 85' lang='grc' dir='ltr'><em>λίστριον</em></span> <span class='ocrx_word' id='word_1_146' title='bbox 1260 1832 1419 1872; x_wconf 83' lang='lat' dir='ltr'><strong>dixisse.</strong></span> 
     </span>
    </p>
   </div>
   <div class='ocr_carea' id='block_1_7' title="bbox 878 1921 1018 1961">
    <p class='ocr_par' dir='ltr' id='par_1_7' title="bbox 878 1921 1018 1961">
     <span class='ocr_line' id='line_1_24' title="bbox 878 1921 1018 1961; baseline 0.007 -1"><span class='ocrx_word' id='word_1_147' title='bbox 878 1921 1018 1961; x_wconf 88' lang='lat' dir='ltr'>CCIV.</span> 
     </span>
    </p>
   </div>
   <div class='ocr_carea' id='block_1_8' title="bbox 218 1997 1669 2330">
    <p class='ocr_par' dir='ltr' id='par_1_8' title="bbox 218 1997 1669 2330">
     <span class='ocr_line' id='line_1_25' title="bbox 334 1997 1669 2055; baseline 0 -14"><span class='ocrx_word' id='word_1_148' title='bbox 334 2002 504 2041; x_wconf 85' lang='lat' dir='ltr'><strong>Suidas=</strong></span> <span class='ocrx_word' id='word_1_149' title='bbox 538 1997 758 2054; x_wconf 87' lang='grc' dir='ltr'><em>Λογάρια·</em></span> <span class='ocrx_word' id='word_1_150' title='bbox 789 2000 831 2041; x_wconf 83' lang='grc' dir='ltr'><em>οἱ</em></span> <span class='ocrx_word' id='word_1_151' title='bbox 861 1997 994 2053; x_wconf 86' lang='grc' dir='ltr'><em>λόγοι.</em></span> <span class='ocrx_word' id='word_1_152' title='bbox 1050 1997 1385 2055; x_wconf 74' lang='grc' dir='ltr'><em>Ἀριστοᾳάνης.</em></span> <span class='ocrx_word' id='word_1_153' title='bbox 1444 2000 1590 2041; x_wconf 81' lang='lat' dir='ltr'><strong>Nescio</strong></span> <span class='ocrx_word' id='word_1_154' title='bbox 1619 2010 1669 2041; x_wconf 83' lang='lat' dir='ltr'><em>an</em></span> 
     </span>
     <span class='ocr_line' id='line_1_26' title="bbox 220 2068 1667 2123; baseline -0.002 -12"><span class='ocrx_word' id='word_1_155' title='bbox 220 2071 507 2123; x_wconf 82' lang='lat' dir='ltr'><strong>Aristophanis</strong></span> <span class='ocrx_word' id='word_1_156' title='bbox 548 2071 670 2109; x_wconf 83' lang='lat' dir='ltr'><strong>verba</strong></span> <span class='ocrx_word' id='word_1_157' title='bbox 713 2075 871 2109; x_wconf 79' lang='lat' dir='ltr'><strong>servata</strong></span> <span class='ocrx_word' id='word_1_158' title='bbox 915 2073 995 2110; x_wconf 85' lang='lat' dir='ltr'><strong>sint</strong></span> <span class='ocrx_word' id='word_1_159' title='bbox 1035 2072 1142 2123; x_wconf 82' lang='lat' dir='ltr'><strong>apud</strong></span> <span class='ocrx_word' id='word_1_160' title='bbox 1183 2070 1391 2111; x_wconf 76' lang='lat' dir='ltr'><strong>Antiattic.</strong></span> <span class='ocrx_word' id='word_1_161' title='bbox 1435 2070 1610 2109; x_wconf 83' lang='lat' dir='ltr'><strong>Bekkeri</strong></span> <span class='ocrx_word' id='word_1_162' title='bbox 1649 2068 1667 2108; x_wconf 88' lang='lat'>1</span> 
     </span>
     <span class='ocr_line' id='line_1_27' title="bbox 218 2132 1668 2193; baseline -0.001 -14"><span class='ocrx_word' id='word_1_163' title='bbox 218 2154 259 2193; x_wconf 81' lang='lat' dir='ltr'><em>p.</em></span> <span class='ocrx_word' id='word_1_164' title='bbox 287 2140 368 2179; x_wconf 81' lang='lat'><em>1⁰7</em></span> <span class='ocrx_word' id='word_1_165' title='bbox 401 2141 447 2179; x_wconf 88' lang='lat'><em>1:</em></span> <span class='ocrx_word' id='word_1_166' title='bbox 476 2133 702 2192; x_wconf 89' lang='grc' dir='ltr'><em>Λογάρια·</em></span> <span class='ocrx_word' id='word_1_167' title='bbox 734 2134 1086 2191; x_wconf 77' lang='grc' dir='ltr'><em>ὑποκοριστικῶς·</em></span> <span class='ocrx_word' id='word_1_168' title='bbox 1116 2132 1364 2190; x_wconf 83' lang='grc' dir='ltr'><em>Λογάριά</em></span> <span class='ocrx_word' id='word_1_169' title='bbox 1390 2150 1486 2189; x_wconf 85' lang='grc' dir='ltr'><em>μοι</em></span> <span class='ocrx_word' id='word_1_170' title='bbox 1515 2136 1668 2188; x_wconf 75' lang='grc' dir='ltr'><em>λέγει.</em></span> 
     </span>
     <span class='ocr_line' id='line_1_28' title="bbox 228 2204 1667 2263; baseline -0.002 -15"><span class='ocrx_word' id='word_1_171' title='bbox 228 2205 414 2248; x_wconf 84' lang='grc' dir='ltr'><em>Φαίδων</em></span> <span class='ocrx_word' id='word_1_172' title='bbox 444 2204 648 2263; x_wconf 78' lang='grc' dir='ltr'><em>Ζωπύρῳ.</em></span> <span class='ocrx_word' id='word_1_173' title='bbox 709 2208 940 2248; x_wconf 86' lang='lat' dir='ltr'><strong>Phaedonis</strong></span> <span class='ocrx_word' id='word_1_174' title='bbox 971 2213 1082 2248; x_wconf 87' lang='lat' dir='ltr'><strong>certe</strong></span> <span class='ocrx_word' id='word_1_175' title='bbox 1120 2208 1195 2247; x_wconf 85' lang='lat' dir='ltr'><strong>ista</strong></span> <span class='ocrx_word' id='word_1_176' title='bbox 1233 2219 1311 2246; x_wconf 90' lang='lat' dir='ltr'><em>non</em></span> <span class='ocrx_word' id='word_1_177' title='bbox 1356 2211 1471 2254; x_wconf 83' lang='lat' dir='ltr'><strong>sunt,</strong></span> <span class='ocrx_word' id='word_1_178' title='bbox 1509 2206 1584 2245; x_wconf 83' lang='lat' dir='ltr'><em>sed</em></span> <span class='ocrx_word' id='word_1_179' title='bbox 1619 2219 1667 2246; x_wconf 85' lang='lat' dir='ltr'><em>ex</em></span> 
     </span>
     <span class='ocr_line' id='line_1_29' title="bbox 224 2275 1667 2330; baseline -0.001 -13"><span class='ocrx_word' id='word_1_180' title='bbox 224 2279 378 2317; x_wconf 89' lang='lat' dir='ltr'><strong>comico</strong></span> <span class='ocrx_word' id='word_1_181' title='bbox 409 2278 543 2329; x_wconf 79' lang='lat' dir='ltr'><strong>aliquo</strong></span> <span class='ocrx_word' id='word_1_182' title='bbox 572 2282 692 2330; x_wconf 79' lang='lat' dir='ltr'><strong>poeta</strong></span> <span class='ocrx_word' id='word_1_183' title='bbox 722 2283 866 2318; x_wconf 81' lang='lat' dir='ltr'><strong>sumta.</strong></span> <span class='ocrx_word' id='word_1_184' title='bbox 897 2279 1119 2330; x_wconf 81' lang='lat' dir='ltr'><strong>Compares</strong></span> <span class='ocrx_word' id='word_1_185' title='bbox 1148 2277 1322 2317; x_wconf 89' lang='lat' dir='ltr'><strong>eundem</strong></span> <span class='ocrx_word' id='word_1_186' title='bbox 1353 2275 1667 2316; x_wconf 82' lang='lat' dir='ltr'><strong>Grammaticum</strong></span> 
     </span>
    </p>
   </div>
   <div class='ocr_carea' id='block_1_9' title="bbox 220 2346 1002 2441">
    <p class='ocr_par' dir='ltr' id='par_1_9' title="bbox 220 2346 1002 2441">
     <span class='ocr_line' id='line_1_30' title="bbox 220 2346 771 2399; baseline -0.002 -12"><span class='ocrx_word' id='word_1_187' title='bbox 220 2359 263 2399; x_wconf 86' lang='lat' dir='ltr'><em>p.</em></span> <span class='ocrx_word' id='word_1_188' title='bbox 294 2347 345 2386; x_wconf 87' lang='grc'><em>91</em></span> <span class='ocrx_word' id='word_1_189' title='bbox 378 2346 432 2386; x_wconf 76' lang='lat'><em>25</em></span> <span class='ocrx_word' id='word_1_190' title='bbox 461 2359 547 2397; x_wconf 86' lang='lat' dir='ltr'><strong>sqq.</strong></span> <span class='ocrx_word' id='word_1_191' title='bbox 578 2360 616 2398; x_wconf 82' lang='lat' dir='ltr'><em>p.</em></span> <span class='ocrx_word' id='word_1_192' title='bbox 648 2347 698 2385; x_wconf 87' lang='lat'><em>81</em></span> <span class='ocrx_word' id='word_1_193' title='bbox 731 2347 771 2386; x_wconf 85' lang='lat'><em>5.</em></span> 
     </span>
     <span class='ocr_line' id='line_1_31' title="bbox 882 2401 1002 2441; baseline 0 -1"><span class='ocrx_word' id='word_1_194' title='bbox 882 2401 1002 2441; x_wconf 86' lang='lat' dir='ltr'><em>CCV.</em></span> 
     </span>
    </p>
   </div>
   <div class='ocr_carea' id='block_1_10' title="bbox 215 2476 1665 2743">
    <p class='ocr_par' dir='ltr' id='par_1_10' title="bbox 215 2476 1665 2743">
     <span class='ocr_line' id='line_1_32' title="bbox 332 2476 1664 2535; baseline -0.004 -13"><span class='ocrx_word' id='word_1_195' title='bbox 332 2483 591 2535; x_wconf 85' lang='lat' dir='ltr'><strong>Phrynichus</strong></span> <span class='ocrx_word' id='word_1_196' title='bbox 621 2485 796 2524; x_wconf 88' lang='lat' dir='ltr'><strong>Bekkeri</strong></span> <span class='ocrx_word' id='word_1_197' title='bbox 827 2497 867 2535; x_wconf 86' lang='lat' dir='ltr'><em>p.</em></span> <span class='ocrx_word' id='word_1_198' title='bbox 896 2483 951 2522; x_wconf 85' lang='lat'><em>50</em></span> <span class='ocrx_word' id='word_1_199' title='bbox 979 2483 1054 2522; x_wconf 78' lang='lat'><em>51:</em></span> <span class='ocrx_word' id='word_1_200' title='bbox 1092 2477 1333 2533; x_wconf 70' lang='grc' dir='ltr'><em>Λογγάζιι</em></span> <span class='ocrx_word' id='word_1_201' title='bbox 1348 2492 1416 2520; x_wconf 91' lang='grc' dir='ltr'><em>ιν·</em></span> <span class='ocrx_word' id='word_1_202' title='bbox 1449 2476 1497 2518; x_wconf 91' lang='grc' dir='ltr'><em>τὸ</em></span> <span class='ocrx_word' id='word_1_203' title='bbox 1526 2476 1664 2519; x_wconf 85' lang='grc' dir='ltr'><em>διαδι-</em></span> 
     </span>
     <span class='ocr_line' id='line_1_33' title="bbox 221 2545 1664 2606; baseline -0.003 -16"><span class='ocrx_word' id='word_1_204' title='bbox 221 2547 426 2605; x_wconf 71' lang='grc' dir='ltr'><em>δράσκειν</em></span> <span class='ocrx_word' id='word_1_205' title='bbox 463 2550 512 2592; x_wconf 87' lang='grc' dir='ltr'><em>τὸ</em></span> <span class='ocrx_word' id='word_1_206' title='bbox 551 2549 700 2606; x_wconf 82' lang='grc' dir='ltr'><em>ἔργον,</em></span> <span class='ocrx_word' id='word_1_207' title='bbox 739 2546 1116 2606; x_wconf 74' lang='grc' dir='ltr'><em>προφασιζόμενον</em></span> <span class='ocrx_word' id='word_1_208' title='bbox 1155 2564 1253 2590; x_wconf 86' lang='grc' dir='ltr'><em>τινα</em></span> <span class='ocrx_word' id='word_1_209' title='bbox 1291 2547 1525 2604; x_wconf 70' lang='grc' dir='ltr'><em>πρόφασιν.</em></span> <span class='ocrx_word' id='word_1_210' title='bbox 1589 2545 1664 2586; x_wconf 81' lang='grc' dir='ltr'><em>καὶ</em></span> 
     </span>
     <span class='ocr_line' id='line_1_34' title="bbox 220 2611 1665 2675; baseline -0.003 -16"><span class='ocrx_word' id='word_1_211' title='bbox 220 2618 348 2659; x_wconf 89' lang='grc' dir='ltr'><em>τοῦτο</em></span> <span class='ocrx_word' id='word_1_212' title='bbox 397 2616 726 2675; x_wconf 80' lang='grc' dir='ltr'><em>Ἀριστοφάνης</em></span> <span class='ocrx_word' id='word_1_213' title='bbox 767 2618 953 2670; x_wconf 79' lang='grc' dir='ltr'><em>τίθησιν</em></span> <span class='ocrx_word' id='word_1_214' title='bbox 994 2618 1066 2659; x_wconf 78' lang='grc' dir='ltr'><em>ἐπὶ</em></span> <span class='ocrx_word' id='word_1_215' title='bbox 1108 2613 1254 2659; x_wconf 78' lang='grc' dir='ltr'><em>ἵππων</em></span> <span class='ocrx_word' id='word_1_216' title='bbox 1298 2611 1665 2672; x_wconf 69' lang='grc' dir='ltr'><em>προσποιούμενος</em></span> 
     </span>
     <span class='ocr_line' id='line_1_35' title="bbox 215 2674 1553 2743; baseline -0.003 -15"><span class='ocrx_word' id='word_1_217' title='bbox 215 2684 430 2742; x_wconf 68' lang='grc' dir='ltr'><em>χωλεύων,</em></span> <span class='ocrx_word' id='word_1_218' title='bbox 461 2693 530 2732; x_wconf 88' lang='lat' dir='ltr'><strong>ubi</strong></span> <span class='ocrx_word' id='word_1_219' title='bbox 560 2691 796 2732; x_wconf 81' lang='lat' dir='ltr'><strong>Dindorfius</strong></span> <span class='ocrx_word' id='word_1_220' title='bbox 824 2695 939 2730; x_wconf 77' lang='lat' dir='ltr'><strong>recte</strong></span> <span class='ocrx_word' id='word_1_221' title='bbox 965 2674 1357 2743; x_wconf 52' lang='grc' dir='ltr'><em>προσποιουμένων.</em></span> <span class='ocrx_word' id='word_1_222' title='bbox 1374 2685 1553 2737; x_wconf 81' lang='lat' dir='ltr'><strong>corrigit.</strong></span> 
     </span>
    </p>
   </div>
  </div>
 </body>
</html>
