1716 3164
487 154 637 197 FABU
646 153 752 194 LAE
786 148 1090 192 INCERTAE.
1448 146 1533 186 889

56 264 200 328 ῥοιάςε
237 265 406 317 Ἴωνες·
454 263 561 308 ἄνευ
605 265 650 306 δὲ
696 262 776 305 τοῦ
819 261 846 303 ι’
889 257 1009 319 ῥοάς.
1091 251 1228 307 οὕτως
1282 253 1532 309 Ἐ’πίλυκος.

57 343 203 384 Scribe
232 336 351 398 ῥόας.

766 392 838 433 IV.

170 484 409 524 Athenaeus
439 482 515 523 XV
545 494 586 533 p.
617 478 696 518 (391
714 490 759 518 c:
799 470 876 523 τῆς
917 471 962 512 δὲ
1001 469 1236 524 λεγομένης
1273 466 1443 522 σάγδας
1479 499 1535 506 .-

57 549 199 609 μύρον
230 550 391 593 δ’ἐστὶ
420 551 496 592 καὶ
525 546 655 590 τοῦτο
685 574 741 581 -
765 541 1002 592 Ἐπίλυκος
1031 541 1078 583 ἐν
1101 537 1372 598 Κωραλίσκῳ
1396 539 1537 584 Βάκ-

61 621 221 679 καρίς
251 638 304 664 τε
336 622 430 663 καὶ
461 616 670 673 σάγδας
701 614 853 672 ὁμοῦ.

765 732 816 774 V.

174 825 472 870 Grammaticus
511 824 692 864 Bekkeri
723 822 880 864 Anecd.
911 836 952 876 p.
983 821 1065 861 411
1100 821 1168 861 17.
1215 814 1538 870 Ἀντλιαντλη-

62 898 196 953 τῆραε
236 926 292 931 --
325 888 660 950 Ἀριστοφάνης
696 890 742 932 δὲ
771 890 1015 947 ῙΙροαγῶνι
1053 890 1129 931 καὶ
1166 885 1401 939 Ἐπίλυκος
1432 890 1539 931 Κω-

59 966 251 1026 ραλίσκῳ
281 964 332 1008 τὸ
364 961 475 1007 αὐτὸ
506 961 638 1006 τοῦτο
669 958 903 1004 άντλίον
930 957 1206 1013 κεκλήκασιν.

467 1247 546 1290 Ex
576 1245 844 1290 INCERTIS
874 1245 1131 1288 FABULIS.

784 1371 818 1412 1.

456 1455 568 1504 Χῖος
596 1452 673 1496 καὶ
706 1450 871 1504 Θάσιος
900 1450 1145 1509 ἠθημένος.

174 1571 414 1614 Athenaeus
445 1571 463 1611 Ι
493 1584 535 1624 p.
565 1570 685 1610 28e:
734 1565 854 1610 Χίου
893 1567 940 1608 δὲ
980 1566 1105 1609 οἴνου
1140 1566 1217 1608 καὶ
1258 1563 1432 1608 Θασίου
1465 1566 1543 1622 με’-

62 1653 230 1696 μνηται
254 1637 492 1689 Ἐπίλυκος
526 1639 637 1688 Χῖος
665 1639 740 1680 καὶ
776 1634 944 1688 Θάσιος
971 1635 1216 1690 ἠθημένος.
1277 1643 1370 1694 Quo
1399 1655 1543 1695 respe-

64 1714 120 1754 xit
150 1714 325 1754 Photius
355 1714 454 1754 Lex,
484 1726 526 1766 p.
557 1713 613 1752 63
643 1713 713 1754 23.
741 1706 1022 1765 Ἠθημένοςε
1054 1709 1346 1766 διυλισμένος.
1405 1705 1544 1760 οὕτως

0 1792 1 1795 ’
66 1780 314 1832 Ἐπίλυκος.

776 1868 832 1909 11.

178 1954 355 1996 Photius
397 1955 498 1995 Lex.
541 1967 582 2007 p.
615 1952 699 1993 353
730 1953 797 1995 15.
838 1946 1207 2005 Ὀστολόγοςε
1253 1947 1377 2007 παρὰ
1414 1946 1544 1994 Ἐπι-

0 2043 4 2089 3
66 2020 194 2091 λύκῳ.
250 2024 327 2066 καὶ
357 2022 507 2081 δρᾶμα
535 2017 765 2078 Αἰσχύλου
788 2020 1069 2078 Ὀστολόγοι.

763 2139 839 2181 111.

176 2223 354 2266 Photiue
393 2224 493 2266 Lex.
532 2237 573 2277 p.
602 2222 687 2266 657
717 2224 786 2266 16.
842 2217 1061 2278 Ψωμόςε
1106 2217 1166 2270 ὠς
1207 2216 1346 2276 ἡμεῖς.
1411 2214 1545 2261 Ἐπί-

68 2291 208 2342 λυκος.
