1716 3164
664 107 757 151 110
765 106 1012 151 TAMIOI.
1482 110 1568 151 777

97 220 334 268 Φιλύλλιον
362 221 572 281 ἀναφέρει
601 221 652 265 τὸ
684 222 867 279 πρᾶγμα
900 219 1040 277 Ὑμεῖς
1070 233 1115 261 τε
1145 214 1304 269 πάντες
1332 219 1424 263 κτλ.
1493 223 1566 265 Vi-

60 309 69 318 ’
90 297 239 338 dentur
268 297 372 339 haec
399 299 443 339 in
473 299 618 338 ultima
647 296 814 337 fabulae
844 300 962 349 parte
991 294 1126 347 posita
1155 292 1299 334 fuisse.
1337 293 1566 346 „Pythium

90 367 299 409 Strattidis
336 374 476 410 utrum
517 366 830 420 intelligendum
869 366 922 405 sit
952 365 1156 417 Apollinis
1197 364 1339 404 fanum
1377 365 1418 405 in
1449 365 1568 414 urbe,

90 452 141 479 an
172 440 348 480 alterum
381 442 564 488 Oeneae,
595 439 648 478 de
676 450 758 489 quo
790 436 1072 476 Philochorus
1103 435 1214 488 apud
1244 435 1374 476 schol.
1404 436 1566 489 Sopho-

91 510 167 550 clis
198 511 302 551 Oed.
335 511 426 551 Col.
458 510 582 549 1041.
615 508 788 548 definire
818 520 901 547 non
930 518 1125 559 possum:
1162 506 1267 546 illud
1295 510 1435 547 tamen
1467 520 1568 547 vero

91 581 257 621 videtur
286 582 471 622 similius.
539 578 733 619 Meminit
765 578 853 618 eius
884 577 1023 630 Pythii
1056 577 1249 629 Thucyd.
1281 577 1319 617 11
1353 577 1406 616 15
1439 582 1480 617 et
1513 578 1570 619 V1

93 652 163 692 54.
193 652 264 692 ubi
293 652 386 692 vide
414 651 639 698 Dalm-um,
670 654 712 689 et
743 649 885 689 Isaeus
915 662 955 701 p.
986 646 1042 687 55
1074 647 1169 687 143³
1210 647 1569 704 Hemsteighusius.

91 723 155 763 De
185 722 333 775 Pythio
361 722 404 762 iu
434 722 537 762 urbe
566 733 698 773 prope
728 720 929 772 templum
969 718 1078 758 Iovis
1124 718 1308 770 Olympii
1350 719 1393 758 in
1438 719 1570 771 tripo-

96 793 192 833 dum
224 804 329 844 quae
358 793 574 831 dicebatur
612 792 677 831 via
715 791 794 831 sito
833 791 927 830 vide
959 802 1065 841 quae
1104 789 1227 829 affert
1256 789 1571 830 Schoemannus

95 863 147 904 ad
180 863 340 904 Isaeum
371 877 412 916 p.
444 863 542 903 311.
602 863 663 902 De
695 861 905 903 Oenoensi
936 861 1089 913 Pythio
1117 865 1310 900 accurate
1341 860 1442 900 dixit
1471 861 1573 900 Rei-

95 934 226 988 sigius
254 935 307 974 ad
336 934 557 987 Sophoclis
589 933 695 973 Oed.
726 933 818 974 Col.
850 932 976 972 1⁰41.
1025 958 1083 964 —
1141 932 1214 973 Vs.
1246 933 1273 972 2
1309 925 1496 986 πάρεστε
1523 944 1574 972 ex

93 1005 255 1049 Veneto
286 1011 500 1060 receptum
530 1019 553 1045 a
582 1005 812 1045 Dindorfio.
871 1002 965 1044 Ald.
996 999 1079 1056 πέρ
1110 998 1220 1042 ἐστε.

812 1128 865 1169 11.

210 1219 385 1260 Photius
415 1220 514 1260 Lex.
532 1233 572 1273 p.
589 1220 674 1260 224
703 1221 772 1260 23.
801 1215 982 1260 Λίνον
1010 1214 1141 1274 λίνῳ
1171 1212 1470 1265 συνάπτεςε
1503 1213 1577 1257 ἐπὶ

97 1288 185 1330 τῶν
213 1287 268 1329 τὰ
298 1285 413 1329 αὐτὰ
443 1287 518 1330 διὰ
546 1289 633 1330 τῶν
663 1285 811 1330 αὐτῶν
841 1285 1067 1344 δρώντων·
1098 1285 1315 1345 Στράττις
1343 1286 1389 1328 ἐν
1417 1287 1575 1328 Ποτα-

95 1356 226 1415 μίοις.
297 1361 445 1402 Suidas
486 1361 526 1401 11
565 1375 605 1414 p.
635 1362 734 1402 449.
778 1357 913 1417 λίνῳ
956 1358 1084 1417 λίνῳ
1127 1356 1455 1408 συνάπτειςε
1504 1357 1577 1399 ἐπὶ

97 1429 184 1472 τῶν
220 1427 277 1471 τὰ
317 1424 452 1484 ὅμοια
490 1428 811 1485 ἐπιμιγνύντων
846 1427 875 1483 ἢ
905 1431 1303 1488 παρακρουομένων
1340 1431 1416 1471 καὶ
1455 1426 1580 1471 ἀπαέ

99 1499 298 1543 τώντων·
338 1498 554 1557 Στράττις
584 1500 849 1558 Ποταμίοις.
909 1506 1024 1546 Idem
1057 1506 1096 1545 11
1126 1519 1167 1558 p.
1189 1506 1288 1545 737.
1319 1497 1381 1542 οὗ
1419 1498 1580 1542 λίνον

100 1570 232 1631 λίνῳ
269 1570 592 1623 συνάπτειςε
632 1572 704 1615 ἐπὶ
741 1573 828 1615 τῶν
865 1572 921 1615 τὰ
949 1572 1063 1615 αὐτὰ
1091 1572 1154 1629 μὴ
1184 1571 1259 1614 διὰ
1287 1571 1376 1613 τῶν
1405 1569 1577 1613 αὐταῖν·

102 1637 217 1685 οὕτω
255 1642 470 1700 Στράττις
508 1644 554 1685 ἐν
588 1643 854 1700 Ποταμίοις.
922 1648 984 1687 Ita
1023 1647 1133 1688 enim
1173 1647 1331 1686 editum
1361 1643 1408 1685 ἐν
1437 1644 1581 1686 Πολι-

102 1713 200 1772 τείᾳ
229 1717 382 1757 dudum
414 1719 647 1759 emendavit
675 1719 1020 1760 Hemsterhusius
1051 1719 1101 1757 ad
1120 1718 1228 1757 Plut.
1248 1731 1290 1770 p.
1306 1718 1405 1757 471.
1446 1718 1579 1758 Scho-

101 1788 222 1829 liasta
252 1788 436 1828 Platonis
466 1789 596 1830 Bekk.
626 1803 667 1843 p.
698 1791 806 1830 369:
858 1784 1077 1843 παροιμία
1118 1785 1190 1826 ἐπὶ
1237 1785 1326 1826 τῶν
1367 1783 1423 1827 τὰ
1466 1784 1581 1828 αὐτοὶ

104 1855 182 1898 διὰ
211 1856 297 1897 τῶν
326 1854 474 1898 αὐτῶν
502 1854 532 1909 ἢ
560 1855 774 1912 λεγόντων
803 1854 830 1909 ἢ
860 1855 1078 1915 δρώντων,
1109 1852 1138 1907 ἢ
1167 1854 1222 1897 τὰ
1252 1851 1386 1912 ὅμοια
1416 1852 1475 1907 εἷς
1506 1873 1580 1914 qoe-

102 1926 204 1969 λίαν
234 1926 560 1970 συναπτόντων.
607 1930 830 1984 μέμνηται
862 1929 906 1971 δὲ
939 1925 1076 1980 αὐτῆς
1102 1925 1416 1983 Ἀριστοτέλης
1444 1928 1491 1969 ἐν
1521 1927 1582 1986 τῷ

102 1995 140 2053 γ’
180 1998 257 2050 τῆς
297 1999 485 2054 φυσικῆς
516 1997 762 2056 ἀκροάσεως
804 1998 886 2054 ,,οὑ
925 1999 1008 2056 γάρ
1046 1998 1170 2042 λίνον
1207 1999 1312 2058 λίνῳ
1343 1997 1582 2042 συνάπτειν

105 2067 238 2124 ἐστί,”
267 2071 342 2112 καὶ
372 2069 587 2128 Στράττις
618 2071 874 2128 [Ιαταμίοις
903 2073 979 2114 καὶ
1008 2068 1204 2113 Πλάτων
1233 2069 1516 2130 Εὐθυδήμῳ.

802 2199 878 2239 111.

217 2278 457 2320 Athenaeus
495 2281 575 2322 VII
615 2295 657 2333 p.
694 2283 839 2322 299b:
884 2276 1101 2335 Στράττις
1145 2277 1187 2319 δ’
1238 2279 1285 2320 ἐν
1330 2279 1584 2335 Ποταμίοις

104 2342 190 2402 ἔφη
219 2347 479 2402 ἐγχέλεων
507 2345 753 2401 ἀνεψιός.
812 2352 1011 2392 Similiter
1038 2353 1156 2393 Plato
1174 2353 1360 2405 Euthyd.
1381 2367 1421 2407 p.
1435 2355 1582 2396 2980:

102 2418 177 2459 καὶ
218 2417 275 2460 σὺ
302 2406 398 2476 Ιᾶρα
438 2416 629 2476 ἀδελφὸς
665 2412 706 2461 εἷ
740 2420 828 2462 τῶν
865 2422 1058 2476 κωβιῶν,
1097 2424 1171 2464 ubi
1210 2424 1420 2467 Strattidis
1457 2427 1584 2469 verba

105 2494 360 2547 comparavit
392 2493 770 2536 Winckelmannus.

712 2668 972 2677 -—--—
