1716 3158
202 197 285 238 940
723 196 1076 238 ARISTOPHAN
1083 198 1129 239 lS

600 325 971 368 ΛΙΟΛΟΣ..
964 326 1260 372 ΙΚΩΝ.

311 448 565 489 Postremum
604 449 710 489 hanc
737 450 992 489 comoediam
1023 450 1184 502 scripsit
1214 450 1506 502 Aristophanes
1537 466 1646 493 eam-

204 525 286 564 que
316 520 477 559 Araroti
506 519 591 558 filio
621 519 845 559 docendam
876 520 1087 568 commisit,
1118 517 1227 570 quod
1257 520 1376 559 docet
1405 525 1544 566 auctor
1572 524 1648 562 Ar-

199 589 384 641 gumenti
426 588 535 627 Pluti
572 588 633 627 11:
687 585 950 627 Τελευταίαν
997 586 1042 628 δὲ
1080 583 1260 638 διδάξας
1298 585 1377 637 τὴν
1414 586 1643 643 κωμῳδίαν

201 652 366 705 ταύτην
381 654 627 708 (Πλοῦτον)
655 655 725 696 ἐπὶ
755 656 814 712 τῷ
845 652 940 712 ἰδίῳ
971 653 1156 710 ὀνόματι
1184 657 1257 696 καὶ
1286 654 1363 696 τὸν
1389 655 1486 697 υἱὸν
1512 654 1648 697 αὐτοῦ

202 724 419 775 συστῆσαι
455 721 692 780 Ἀραρότα·
723 722 814 778 [δι’
847 722 1009 777 αἰτῇς]
1047 726 1136 774 τοῖς
1173 725 1358 774 θεαταῖς
1389 721 1648 779 βουλόμενος

200 793 256 836 τὰ
283 792 503 836 ὑπόλοιπα
533 791 610 834 δύο
641 792 707 835 δι’
737 792 899 834 ἐκείνου
926 794 1108 846 καθῆκε,
1141 792 1354 835 Κώκαλον
1381 796 1454 836 καὶ
1485 793 1650 836 Αἰολο-

202 863 380 908 σίκωνα.
412 866 531 919 Quod
560 871 772 906 accuratus
802 867 954 918 alioqui
984 867 1269 918 grammaticus
1300 866 1380 906 hoc
1412 868 1556 907 ordine
1585 879 1652 907 co-

202 937 384 978 moedias
424 940 637 984 recenset,
675 937 809 988 arguit
842 937 1021 988 priorem
1061 944 1150 974 esse
1192 936 1408 985 Cocalum,
1446 938 1651 989 posterio-

200 1020 290 1047 rem
335 1006 670 1047 Aeolosiconemz
712 1005 916 1045 contraria
957 1017 1055 1044 sane
1091 1004 1291 1043 Dindorfii
1335 1010 1398 1045 est
1433 1007 1649 1055 sententia,
1712 1000 1713 1003 ¹

202 1078 272 1129 qui
299 1089 340 1129 p.
371 1075 424 1115 81
455 1075 576 1115 dicit:
614 1074 763 1125 „Quod
802 1078 937 1114 autem
976 1074 1203 1125 argumenti
1233 1075 1407 1126 scriptor
1436 1070 1649 1114 Κώκαλον

201 1145 276 1185 καὶ
305 1138 608 1184 Λιόλοσίκωνα
639 1145 792 1193 scribit,
823 1144 858 1183 si
887 1142 995 1182 forte
1026 1143 1219 1182 Cocalum
1240 1144 1510 1183 Aeolosicone
1540 1144 1649 1195 prio-

202 1228 291 1256 rem
320 1214 477 1263 habuit,
507 1215 548 1253 in
582 1226 723 1253 errore
751 1217 936 1252 versatus
969 1215 1044 1260 est,
1073 1216 1119 1250 ut
1148 1212 1320 1252 videtur.
1378 1214 1481 1252 Nam
1502 1213 1652 1252 Aeolo-

203 1286 384 1326 siconem
414 1284 574 1323 mediae
604 1282 841 1322 comoediae
870 1282 1049 1321 fabulam
1079 1280 1206 1321 fuisse
1237 1295 1285 1321 ex
1311 1282 1486 1321 Platonii
1515 1282 1651 1321 verbis

202 1355 461 1407 intelligitur,
490 1353 683 1393 Cocalum
715 1356 850 1391 autem
881 1352 931 1391 ad
962 1364 1105 1390 novam
1135 1353 1386 1391 comoediam
1407 1353 1652 1404 pertinuisse

203 1424 311 1466 infra
339 1423 633 1498 ostendeturp.
648 1421 743 1461 873²
782 1421 890 1460 Sane
908 1421 1117 1460 platonius
1135 1421 1231 1460 dicit
1248 1435 1288 1473 p.
1304 1422 1500 1463 XXXIV:
1528 1416 1652 1461 Ἐπέν·

203 1493 333 1534 λιπον
362 1491 405 1532 οἱ
430 1503 633 1545 χορηγοι,
674 1485 727 1530 οὐ
765 1487 847 1543 γὰρ
876 1486 938 1529 ἐτι
968 1485 1231 1542 προθυμίαν
1265 1480 1380 1543 εἶχον
1418 1489 1460 1529 οἱ
1495 1487 1649 1540 Ἀθη-

202 1563 321 1605 ναῖοι
349 1558 447 1609 τοὺς
472 1556 683 1614 χορηγοὺς
711 1556 811 1607 τοὺς
839 1555 916 1606 τὰς
944 1554 1144 1606 δαπάνας
1172 1558 1261 1606 τοῖς
1286 1559 1509 1614 χορευταῖς
1538 1574 1650 1613 παρ-

203 1633 381 1688 έχοντας
414 1629 694 1684 χειροτονεῖν·
735 1626 812 1668 τὸν
848 1626 954 1680 γοῦν
989 1621 1292 1669 Αἰολοσίκωνα
1325 1624 1655 1684 Ἀριστοφάνης

203 1700 414 1753 ἐδίδαξεν,
443 1696 490 1748 ὂς
518 1695 596 1739 οὐκ
626 1696 708 1752 ἔχει
736 1695 790 1737 τὰ
815 1694 967 1752 χορικὰ
988 1696 1116 1751 μέλη·
1146 1695 1232 1737 τῶν
1260 1695 1343 1752 γὰρ
1366 1697 1563 1752 χορηγῶν
1590 1695 1651 1752 μὴ

200 1770 592 1829 χειροτονουμένων
629 1768 704 1809 καὶ
741 1766 827 1807 τῶν
859 1765 1074 1820 χορευτῶν
1111 1762 1189 1807 οὐκ
1227 1764 1413 1821 ἑχόντων
1449 1765 1527 1816 τὰς
1554 1782 1653 1823 τρο-

206 1840 294 1899 φὰς
344 1838 592 1897 ὑπεξῃρέθη
649 1836 725 1888 τῆς
777 1833 1005 1893 κωμῳδίας
1051 1835 1160 1889 μέλη
1211 1838 1286 1877 καὶ
1333 1836 1421 1878 ταῖν
1484 1834 1652 1878 ὑποθέ-

207 1923 318 1955 σεων
364 1907 388 1951 ὃ
432 1905 591 1963 τρόπος
632 1902 901 1961 μετεβλήθη.
962 1904 1128 1947 σκοποῦ
1173 1904 1255 1962 γὰρ
1293 1903 1419 1956 ὄντος
1465 1906 1519 1964 τῇ
1571 1903 1653 1961 ἀρ-

202 1980 313 2039 χαῖα
358 1976 565 2036 κωμωδία
622 1975 700 2018 τοῦ
749 1973 959 2018 σκώπτειν
996 1971 1159 2028 δήμους
1205 1977 1279 2016 καὶ
1332 1974 1537 2024 δικαστὰς
1578 1976 1653 2016 καὶ

196 2046 494 2118 στρατηγούς,
550 2047 702 2102 παρεὶς
747 2043 771 2088 ὁ
817 2041 1141 2100 Ἀριστοφάνης
1186 2042 1237 2085 τὸ
1280 2042 1487 2096 συνήθως
1539 2043 1652 2086 ἀπο-

207 2119 385 2175 σκῶψαι
440 2114 516 2158 διὰ
565 2117 643 2156 τὸν
686 2113 823 2156 πολὺν
875 2110 1040 2169 φόβον,
1089 2113 1256 2155 Αἰολον
1304 2113 1355 2155 τὸ
1407 2113 1553 2171 δρᾶμα
1601 2112 1653 2155 τὸ

207 2191 374 2247 γραφὲν
415 2187 504 2236 τοῖς
554 2183 790 2264 τραγωδοῖς
828 2199 885 2233 ως
926 2198 1066 2232 κακως
1107 2181 1205 2238 ἕχον
1247 2180 1462 2237 διασυρει·
1511 2182 1652 2224 τοιοῦ-

207 2275 281 2309 τος
309 2256 388 2301 οὖν
421 2256 538 2299 εστιν
575 2253 599 2297 ὁ
627 2254 704 2305 τῆς
738 2254 872 2309 μέσης
910 2251 1138 2310 κωμωδίας
1175 2249 1327 2303 τύπος,
1362 2246 1452 2301 οἷός
1482 2251 1600 2293 εστιν
1626 2267 1652 2294 ο

208 2325 482 2372 Αἰολοσίκων
518 2320 873 2381 Ἀριστοφάνους
901 2325 975 2365 καὶ
1003 2324 1046 2364 οἱ
1072 2321 1299 2371 Ὀδυσσεῖς
1328 2320 1552 2378 Κρατίνου
1578 2337 1653 2364 και

210 2399 390 2442 πλεῖστοι
418 2395 506 2437 τῶν
533 2394 733 2437 παλαιῶν
762 2390 996 2449 δραμάτων
1022 2389 1121 2434 οὔτε
1146 2391 1297 2447 χορικὰ
1326 2389 1423 2433 οὔτε
1452 2389 1654 2448 παραβά-

211 2484 299 2518 σεις
327 2466 496 2523 ἔχοντα.
554 2469 698 2519 Itaque
726 2466 1014 2519 grammaticus
1042 2466 1114 2506 ille
1141 2465 1182 2505 iu
1199 2465 1469 2506 Aeolosicone
1496 2465 1654 2504 mediae

212 2540 449 2581 comoediae
477 2538 656 2591 speciem
686 2536 984 2588 repraesentari
1003 2536 1114 2584 dicit,
1143 2535 1483 2587 quemadmodum
1512 2538 1653 2573 auctor

211 2611 319 2652 vitae
369 2609 492 2649 Arist.
545 2607 644 2647 dicit
693 2605 1008 2658 Aristophanem
1058 2605 1178 2645 etiam
1235 2618 1366 2646 novae
1415 2601 1653 2643 comoediae

213 2679 328 2733 quasi
355 2674 514 2718 initium
542 2677 692 2717 fecisse
719 2675 762 2716 in
790 2676 962 2717 Cocalo:
996 2669 1195 2727 Ἐγένετο
1237 2672 1284 2713 δὲ
1313 2671 1387 2713 καὶ
1417 2669 1555 2718 αἴτιος
1582 2665 1653 2719 ζή-

213 2747 292 2790 λου
317 2745 407 2795 τοῖς·
435 2744 546 2794 νέοις
569 2745 790 2799 κωμικοῖς,
818 2743 926 2798 λέγω
955 2740 1010 2794 δή
1043 2738 1262 2798 Φιλήμονι
1288 2741 1363 2783 καὶ
1394 2735 1651 2796 Μενάνδρῳ.
