1716 3164
697 179 987 226 ΓΕΩΡΓοι.
1042 239 1046 242 ⁴
1493 186 1578 226 993

90 299 291 354 siquidem
322 299 364 338 in
396 297 544 351 vespis
576 299 714 339 v.423
745 298 866 339 dicit:
902 288 979 344 Οἷς
1007 292 1051 350 γ’
1077 290 1312 335 ἀπώλεσαν
1346 292 1576 337 Φίλιππον

86 369 134 410 ἐν
163 366 262 425 δίκῃ
291 365 371 409 τὸν
401 364 612 422 Ιοργίου,
654 369 764 422 quod
795 368 943 409 eodem
975 369 1098 408 modo
1146 368 1301 408 dictum
1344 373 1408 410 est
1443 373 1570 423 atque

86 442 129 483 in
158 441 415 484 Acharneus.
446 454 484 482 v.
517 441 629 481 1170
658 434 878 492 Λάμαχον
907 433 984 477 τὸν
1013 433 1258 492 Ιὸργιὲσου.

768 541 882 581 XIX.

189 607 434 674 &Scholiasta
471 632 654 672 Platonis
686 644 726 684 p.
757 631 841 671 330
879 632 945 672 ed.
977 632 1167 672 Bekker:
1212 629 1417 681 Μέλητος
1453 630 1575 688 spon]-

88 701 162 751 λος
192 699 440 759 τραγῳδίας
467 697 651 751 ποιητὴς
682 727 737 735 -
774 699 821 740 ἐν
852 699 898 741 δὲ
930 699 1145 755 Γεωργοῖς
1173 695 1231 748 ὥς
1261 697 1467 742 Καλλίαν
1496 716 1573 743 πε-

85 770 314 828 ραίνοντος
342 768 482 814 αὐτοῦ
509 772 729 826 μέμνηται
770 767 1182 826 (Ἀριστοφάνης).
1250 774 1462 823 Meletus‚
1503 776 1575 827 qui

87 847 281 887 extremis
312 845 784 907 belli‘Peloponnesiaci
816 845 935 885 annis
975 844 1210 897 tragoedias
1252 845 1441 898 scripsit,
1483 846 1576 898 qui-

89 930 170 969 que
199 917 381 957 Socratis
414 916 567 956 exstitit
598 918 832 965 accusator,
873 920 1010 955 aetate
1049 916 1183 955 minor
1214 916 1406 968 profecto
1438 915 1572 957 fuisse

84 988 249 1027 videtur
278 998 399 1038 quam
432 987 606 1036 Callias,
637 987 775 1038 itaque
805 998 951 1038 parum
982 986 1197 1038 probabile
1230 990 1292 1026 est
1323 986 1569 1039 Aristopho-

86 1070 181 1098 nem
211 1057 251 1097 in
283 1057 487 1110 Agricolis
518 1057 557 1096 ei
587 1057 813 1110 opprobrio
843 1057 1039 1105 vertisse,
1072 1056 1183 1108 quod
1216 1057 1347 1096 Callia
1378 1057 1575 1097 abutere-

87 1133 179 1178 tur;
223 1128 487 1168 scribendum
528 1128 665 1180 potius
714 1132 836 1181 puto:
879 1122 938 1174 ὠς
986 1122 1242 1166 Καλλίου
1286 1123 1575 1182 περαίνοντος

88 1193 285 1247 αὐτόνς
332 1202 456 1238 notae
495 1198 604 1238 enim
643 1202 739 1238 sunt
782 1199 940 1239 Galliae
976 1197 1147 1240 insanae
1186 1198 1400 1238 libidines:
1438 1211 1577 1250 neque

88 1283 187 1310 vero
230 1269 428 1309 abhorret
468 1282 490 1308 a
527 1269 614 1309 veri
643 1270 915 1309 similitudine
952 1275 1098 1323 postea
1137 1270 1342 1310 Meletum
1382 1268 1573 1309 adultum

88 1342 129 1381 in
163 1340 311 1381 eodem
340 1339 511 1379 crimine
541 1339 694 1389 fuisse,
733 1341 937 1393 siquidem
968 1340 1267 1394 Aristophanes
1305 1340 1348 1380 in
1381 1339 1576 1392 Pelargis

88 1411 200 1461 (vid.
230 1410 362 1451 schol.
395 1409 579 1449 Platonis
620 1410 748 1462 ibid.)
791 1423 886 1451 eum
935 1411 1023 1451 Laii
1060 1413 1192 1451 filium
1230 1411 1416 1459 vocavit,
1456 1408 1571 1462 quod

88 1481 327 1523 Meinekius
356 1485 471 1522 recte
502 1479 553 1520 ad
582 1492 808 1533 puerorum
839 1494 1023 1522 amorem
1054 1482 1217 1522 videtur
1247 1480 1477 1522 rettulisse.

699 1594 791 1635 XX.
851 1595 965 1635 XXI.

203 1679 353 1719 Pollux
394 1678 473 1720 Vll
530 1678 637 1718 201:
689 1674 1087 1733 Πορνεύτριαν
1140 1676 1187 1717 ἐν
1231 1678 1321 1725 τοῖς
1361 1675 1576 1734 Γεωργοῖς

90 1743 422 1803 Ἀριστοφάνης
453 1744 553 1802 ἔφη.
594 1748 761 1789 fabulae
791 1763 942 1790 nomen
975 1752 1173 1790 omissum
1202 1751 1245 1790 in
1277 1749 1370 1815 co-d.
1404 1749 1578 1801 Iunger-

91 1821 242 1860 mauni.
286 1846 340 1852 —-
390 1819 504 1859 Idem
538 1819 575 1859 X
605 1820 683 1860 69:
730 1815 1164 1874 Τραπεζοφόρον
1201 1846 1255 1852 —
1286 1817 1417 1872 εὑρον
1446 1843 1502 1850 -
1530 1814 1578 1856 ἐν

93 1889 186 1937 τοῖς
224 1885 581 1944 Ἀριστοφάνους
612 1887 825 1945 Γεωργοῖς
854 1918 906 1923 —
939 1889 1012 1930 ἐπὶ
1042 1888 1121 1930 τοῦ
1150 1886 1231 1940 την
1257 1884 1474 1945 τράπεζαν
1503 1886 1578 1944 φέ-

98 1972 266 2013 ροντος,
294 1950 322 2016 ᾗ
352 1958 523 2010 ἐπῆσαν
553 1960 643 2008 τοῖς
673 1956 883 2015 ἄρχουσιν
914 1960 962 2000 αἱ
991 1957 1213 2018 μυρρίναι.

206 2149 505 2202 Harpocratio:
544 2144 865 2204 Σηράγγιον
903 2175 957 2179 —-
984 2144 1147 2202 χωρίον
1176 2161 1219 2187 τι
1250 2146 1328 2187 τοῦ
1358 2144 1580 2202 Πειραιῶς

94 2210 232 2266 οὕτως
261 2216 478 2258 ἐκαλεῖτο·
516 2215 781 2273 μνημονεύει
813 2215 861 2258 δ’
892 2215 1030 2259 αὐτοῦ
1060 2218 1137 2258 καὶ
1170 2213 1506 2273 Ἀριστοᾳάνης
1532 2215 1580 2257 ἐν

94 2286 322 2341 Γεωργοῖς.
379 2290 493 2330 Alibi
521 2285 795 2343 Σηράγγειον
825 2291 1040 2339 scribitur,
1070 2293 1115 2329 ut
1150 2294 1212 2330 est
1242 2289 1352 2343 apud
1382 2289 1579 2330 Photium

94 2371 138 2411 p.
169 2358 254 2398 509
284 2358 356 2398 28.
387 2358 472 2397 510
503 2359 542 2399 1.

740 2414 915 2454 *XXllL

211 2497 387 2538 Photius
410 2498 551 2550 p.543
581 2500 631 2538 8:
662 2496 735 2536 Στ
749 2494 1054 2552 ρεψαίους·
1086 2492 1420 2552 Ἀριστοφάνης
1435 2495 1580 2552 Ιέωρ-

96 2566 204 2620 γοῖς.
267 2568 520 2608 Praecessit:
561 2567 769 2624 Στρέψα·
807 2564 932 2616 πόλις
962 2566 1037 2618 τῆς
1073 2564 1272 2623 Θρᾴκης·
1311 2567 1386 2608 καὶ
1426 2566 1468 2607 οἱ
1499 2580 1579 2607 πο-

100 2635 219 2678 λῖται
255 2635 517 2692 Στρεψαῖοι.
596 2642 650 2681 At
690 2653 788 2681 vero
827 2641 967 2680 nescio
1009 2653 1060 2680 an
1108 2640 1190 2680 huc
1226 2640 1432 2693 pertineat
1468 2639 1580 2691 quod

100 2707 254 2761 legitur
281 2709 324 2749 in
355 2710 544 2751 Crameri
574 2711 732 2752 Anecd.
763 2711 803 2751 11
834 2725 874 2764 p.
901 2711 957 2751 53
987 2711 1036 2750 4:
1067 2707 1319 2764 Στρεψαῖος
1349 2704 1373 2748 ὀ
1399 2704 1580 2762 Ἑρμῆς,

103 2773 226 2832 παρὰ
253 2775 315 2833 τῷ
339 2773 667 2836 ’.Αριστοφάνει
696 2776 818 2835 παρὰ
847 2777 897 2818 τὸ
930 2777 1236 2836 διεστράφθαι
1265 2776 1343 2826 τὰς
1369 2774 1510 2833 ὄψεις.

163 2859 335 2893 Comoed.
369 2865 442 2895 ant.
1261 2851 1316 2890 63
