1716 3164
206 157 316 199 1082
720 154 1071 207 AulsToPHAN
1079 156 1126 198 {S

207 264 330 317 λέξον
353 262 551 320 Ὀμήρου
578 263 768 317 γλῶττα,
796 260 839 305 τί
867 261 1061 304 καλεῖται
1088 261 1316 319 κόρυμβος.
1361 268 1481 322 Apud
1510 268 1655 310 Galen.

209 336 356 378 Aldina
392 347 464 376 σοι
499 332 646 384 λέξον,
685 334 790 375 lunt.
827 329 882 374 σύ
919 331 1062 384 λέξων.
1128 335 1269 376 Codex
1299 337 1483 389 Mosqu.:
1520 330 1655 391 ὅμηρε

210 399 379 455 γλῶττά
405 416 449 443 τι
476 402 551 443 καὶ
585 400 765 442 καλοῦσι
794 398 979 455 κόρυβα,
1019 403 1190 444 Aldina:
1219 396 1349 457 ὅμηρε
1378 403 1568 456 γλῶττας
1596 418 1659 445 τι-

213 470 268 513 κά
296 471 478 512 καλοῦσι
505 467 663 525 κόρυκα
692 472 963 512 Basileensis:
1000 464 1133 525 ὅμηρε
1173 468 1338 527 γλώττῃ
1366 485 1450 512 τινι
1477 472 1659 514 καλοῦσι

215 538 391 595 κόρυκα.
438 543 647 583 Seidlerus
671 535 679 547 ‘
695 537 931 593 Ομηρείους
955 537 1146 593 γλώττας
1174 538 1217 580 τί
1243 539 1424 581 καλοῦσι
1450 538 1660 596 κόρυμβα,

214 616 341 660 recte,
372 611 449 651 nisi
478 611 587 663 quod
612 605 809 663 “()μήρου
837 607 935 661 ἐμοὶ
953 612 1089 663 potius
1112 611 1272 651 videtur
1288 617 1408 664 poeta
1436 612 1660 664 scripsisse.

213 679 410 733 Respexit
449 684 570 733 poeta
608 680 777 719 Homer.
819 679 935 720 mad.
966 680 1023 719 lx
1061 681 1163 720 241:
1200 678 1389 719 Στεῦται
1427 678 1509 734 γὰρ
1547 677 1663 728 νηῶν

215 743 461 801 ἀποκόψειν
488 744 598 801 ἄκρα
627 743 837 800 κόρυμβα,
867 750 1035 789 verbum
1064 761 1199 788 rarum
1217 750 1314 789 satis
1337 754 1478 801 postea
1507 750 1662 800 aliquo-

214 820 293 859 ties
322 817 550 858 asciverunt
580 818 721 869 tragici
750 822 909 869 poetae,
933 822 978 858 ut
1007 818 1234 870 Aeschylus
1263 818 1304 858 in
1338 819 1472 858 Persis
1502 832 1539 859 v.
1566 819 1663 868 411,

213 888 436 939 Euripides
465 887 506 926 in
537 886 668 938 lphig.
700 886 835 931 Aulid.
864 886 962 927 258.
993 911 1047 916 —
1076 888 1146 928 Vs.
1165 888 1191 926 2
1221 881 1401 926 καλοῦσ’
1436 887 1663 936 Seidlerus,

216 956 324 1008 apud
370 956 570 996 Galenum
615 953 836 997 καλοῦσιν.
906 955 1092 1007 Respicit
1134 959 1254 1008 poeta
1298 956 1445 1009 Odyss.
1485 955 1523 995 X
1558 956 1663 995 521:

215 1021 373 1063 Πολλὰ
402 1022 447 1064 δὲ
475 1021 752 1075 γουνοῦσθαι
781 1017 942 1063 νεκύων
969 1019 1162 1076 ἀμενηνὰ
1189 1019 1371 1077 κάρηνα.
1426 1048 1481 1055 --
1539 1025 1609 1066 Vs.
1636 1024 1664 1063 3

215 1089 240 1136 ὃ
268 1094 349 1149 μὲν
376 1081 455 1132 οὗν
482 1089 558 1141 σὸς
586 1090 686 1145 ἐμὸς
715 1087 761 1131 δ’
783 1082 907 1139 οὗτος
936 1087 1141 1146 ἀδελφός.
1171 1095 1261 1134 cod.
1282 1089 1540 1148 Mosq.e’yoi,
1570 1092 1664 1132 edd.

219 1163 323 1204 nihil
353 1163 529 1211 variant,
559 1166 600 1202 at
628 1175 708 1201 non
737 1162 834 1202 setis
865 1162 1027 1214 integra
1057 1165 1119 1201 est
1149 1163 1291 1211 oratio,
1321 1174 1439 1214 quam
1470 1162 1666 1213 deprava-

216 1232 276 1272 vit
304 1233 439 1284 potius
469 1244 587 1283 quam
625 1231 799 1270 correxit
828 1231 1079 1271 Fritzschius
1108 1243 1148 1282 p.
1178 1231 1246 1272 42.
1316 1231 1360 1270 ln
1403 1231 1486 1270 fine
1525 1241 1667 1270 versus

218 1300 458 1355 legebatur:
497 1293 641 1341 ἰδοῦσί
669 1310 735 1341 τε·
767 1296 932 1353 ἐφεξῆς.
988 1300 1212 1341 Veri-sime
1241 1300 1478 1340 Seidlerus:
1516 1295 1559 1338 τί
1588 1311 1668 1338 κα-

218 1366 371 1410 λοῦσιν
396 1363 580 1416 ι’ὃυίους·
609 1359 690 1410 εἶτ’
721 1366 887 1421 ἐφεξῆς,
918 1369 998 1411 vid.
1014 1369 1265 1423 Hesychius:
1291 1363 1475 1416 Ἰδύους.
1504 1364 1668 1422 μάρτυ-

219 1450 319 1491 ρας·
359 1434 638 1492 συνίστορας,
673 1443 715 1479 et
749 1434 926 1477 Ἰδυῖοι’
964 1434 1187 1492 μάρτυρες.
1245 1431 1275 1486 ἢ
1303 1436 1346 1477 οἱ
1383 1434 1459 1484 τὰς
1488 1433 1670 1492 φονικὰς

220 1503 346 1554 δίκας
373 1505 607 1560 κρίνοντες·
650 1505 692 1547 οἱ
726 1504 771 1546 δὲ
801 1505 1072 1560 συνίστορας.
1131 1508 1176 1547 ln
1205 1507 1370 1547 Solonis
1400 1512 1536 1547 autem
1566 1507 1670 1560 legi-

219 1577 298 1618 bus
326 1580 563 1630 usurpatum
591 1577 721 1617 fuisse
749 1577 829 1616 hoc
857 1576 1111 1626 vocabulum,
1141 1578 1318 1617 ostendit
1347 1577 1468 1616 etiam
1498 1577 1671 1619 Photius

220 1658 264 1700 p.
294 1646 376 1685 102
404 1648 451 1687 2:
494 1640 682 1692 Ἰδύους·
733 1640 834 1692 τοὺς
868 1641 1111 1700 μάρτυρας·
1151 1638 1285 1692 οὕτως
1325 1642 1491 1687 Σόλων.
1555 1645 1672 1686 Adde

223 1714 414 1756 Eustath.
444 1728 485 1767 p.
514 1714 625 1755 1158
654 1716 734 1755 20:
762 1711 926 1756 Ἰστὲον
956 1712 1016 1763 δέ,
1044 1706 1112 1754 ὅτι
1141 1710 1165 1754 ὁ
1194 1710 1397 1768 ὁμηρικὸς
1426 1712 1570 1767 ἴστωρ,
1598 1712 1672 1756 καὶ

226 1776 347 1829 ι’δύος
383 1781 548 1835 ἐλέγετο
588 1779 707 1836 παρὰ
742 1783 831 1831 τοῖς
867 1782 1070 1830 παλαιοῖς
1109 1781 1155 1826 ἐν
1185 1781 1476 1844 διᾳορουμένῃ
1505 1780 1671 1839 γραᾳῇ·

223 1848 492 1900 Παυσανίας
519 1854 624 1905 γοῦν
652 1851 699 1892 ἐν
727 1845 792 1900 οἷς
821 1849 983 1907 ἔγραψε
1020 1850 1131 1892 κατὰ
1167 1855 1401 1906 στοιχεῖον,
1435 1851 1482 1892 ἐν
1508 1853 1588 1905 μὲν
1616 1849 1674 1907 tq*

222 1919 246 1960 ’ἑ
281 1918 474 1981 στοιχείῳ
512 1916 672 1975 γράφει
706 1915 868 1972 εἰὸύοι,
914 1917 1138 1977 μάρτυρες,
1203 1919 1250 1961 ἐν
1285 1921 1331 1962 δὲ
1366 1920 1425 1978 τῷ
1460 1922 1487 1962 ι’
1526 1917 1673 1968 ἰδύους

226 1987 472 2043 μάρτυρας,
511 1988 791 2044 συνίστορας,
829 1990 964 2042 δῆλον
1000 1989 1046 2031 δὲ
1083 1984 1152 2034 ὅτι
1191 1987 1406 2045 συνίστωρ
1444 1986 1674 2043 σύστοιχόν

228 2055 323 2102 ἔστι
351 2058 410 2115 τῷ
438 2053 594 2112 ἴστορι,
648 2056 690 2099 εἰ
716 2059 760 2104 δὲ
791 2058 967 2115 διφορεῖ
989 2057 1070 2110 τὴν
1096 2057 1270 2113 γραφὴν
1296 2058 1371 2099 καὶ
1399 2055 1551 2109 αὐτός,
1579 2073 1674 2103 και-

229 2124 311 2171 νὸν
338 2123 488 2169 οὐδέν·
519 2121 586 2168 ὅτι
622 2126 667 2167 δὲ
693 2123 838 2176 ἰδυους
866 2128 940 2172 καὶ
963 2124 1139 2183 Δράκων
1166 2128 1239 2170 καὶ
1268 2124 1422 2168 Σόλων
1448 2128 1538 2176 τοῖς
1565 2125 1675 2182 μάρ·

227 2191 360 2251 τυράς
387 2185 538 2251 φησιν,
567 2196 719 2245 Αἴλιος
735 2194 960 2246 Διονύσιος
987 2197 1162 2251 ἱστορεῖ.
1221 2200 1278 2242 Et
1305 2199 1556 2242 Fritzschius
1586 2199 1674 2251 qui-

229 2268 325 2311 dem
353 2272 517 2310 secutus
529 2268 795 2319 plurimorum
815 2269 1175 2321 grammaticorum
1204 2269 1500 2316 auctoritatem,
1530 2261 1676 2314 ι’δὺους

229 2337 406 2389 scripsit,
435 2338 586 2377 retinui
604 2343 737 2379 tamen
765 2338 805 2378 id
821 2339 930 2390 quod
945 2338 1155 2381 Seidlerus
1180 2338 1306 2379 suasit
1329 2331 1504 2384 ι’δυίους,
1534 2336 1675 2389 quem·

229 2406 447 2450 admodum
491 2407 599 2458 apud
639 2407 866 2451 Homerum
909 2411 994 2447 est:
1042 2401 1232 2461 ἰδυίῃσιν
1274 2402 1576 2459 πραπίδεσσιν.
1619 2430 1674 2442 ..-

229 2474 343 2517 Vsa-4
373 2475 480 2527 apud
509 2475 708 2520 Galenum
737 2476 890 2528 legitur
918 2472 960 2516 τί
988 2473 1090 2518 ποτ’
1119 2474 1212 2515 ἐστὶ
1242 2472 1291 2515 τὸ
1319 2464 1366 2514 εὗ
1393 2473 1545 2516 ποιεῖν.
1590 2473 1673 2512 Do-

165 2544 173 2551 “
229 2541 378 2582 braeus
408 2539 451 2581 τί
478 2541 687 2586 καλοῦσιν
713 2539 880 2584 ὀπυίειν
908 2546 1092 2596 scripsit,
1122 2549 1235 2585 recte
1263 2538 1334 2584 ine
1362 2544 1524 2596 quidem
1553 2541 1674 2584 resti·

230 2610 309 2655 tuit
335 2610 508 2653 formam
539 2614 756 2664 orationis,
785 2618 826 2654 at
854 2627 951 2654 vero
980 2615 1082 2654 illud
1110 2614 1243 2666 ipsum
1271 2609 1440 2653 ὀπυίειν
1465 2625 1544 2655 non
1575 2623 1672 2653 con-

231 2679 343 2725 venit
379 2681 475 2726 huic
509 2683 625 2733 loco,
670 2684 739 2728 uhi
774 2685 943 2728 verbum
980 2683 1228 2740 requiritur,
1275 2682 1384 2739 quod
1419 2681 1615 2726 abhorret
1651 2693 1674 2720 a
