1716 3164
535 162 857 212 APAMATA
900 165 956 210 A.
997 166 1051 208 B.
1423 168 1534 210 1⁰55

0 262 1 322 l
60 309 68 314 .
734 281 849 324 xxi.

0 418 2 426 ‚
161 369 394 412 Scholiasta
427 369 678 423 Lysistratae
718 381 756 407 v.
789 366 924 406 1239:
956 359 1014 403 Ἡ
1042 362 1126 419 γὰρ
1168 362 1530 422 Κλειταγόρα

0 436 2 486 ἶ
55 437 260 495 ποιήτρια
295 431 617 491 1}11slaxw1rnxvff,
650 428 698 486 ἧς
728 436 946 489 μέμνηται
976 435 1050 474 καὶ
1081 434 1127 474 ἐν
1156 435 1375 475 Δανιίίὶῐιν
1408 435 1528 490 Ἀρι-

0 519 2 522 ’
57 509 297 567 στυᾳάνης.
361 512 551 554 Lesbiam
584 509 682 550 dicit
712 509 934 549 scholiasta
966 508 1193 561 Vesparum
1226 522 1262 549 v.
1296 510 1418 551 1238.

436 729 923 774 APAMATA
978 729 1036 771 A.
1097 730 1151 770 B.

168 857 410 898 Dindorfius
455 858 663 898 existimat
704 856 806 896 duas
838 856 1027 896 eiusdem
1057 854 1295 896 comoediae
1320 851 1532 893 recensio-

4 919 5 922 *
55 940 129 967 nes
160 929 386 977 exstitisse,
428 928 608 979 indeque
639 927 816 966 nominis
848 927 1128 967 diversitatem
1159 925 1334 978 repetit:
1375 928 1415 963 at
1445 924 1533 975 ipsa

54 998 270 1037 titulorum
311 999 416 1038 ratio
459 999 559 1037 satis
600 1010 810 1050 superque
849 998 1027 1045 indicat,
1063 996 1185 1048 plane
1222 994 1372 1034 diversi
1412 1006 1533 1046 argu-

53 1068 182 1107 menti
212 1067 341 1108 fuisse
370 1068 557 1107 fabulas:
597 1073 811 1107 externam
855 1067 1023 1119 quidem
1067 1064 1243 1105 formam
1286 1070 1410 1116 atque
1438 1077 1533 1117 spe-

55 1140 162 1179 ciem
193 1139 227 1179 si
257 1144 443 1191 spectas,
482 1150 580 1178 sane
610 1138 722 1177 inter
751 1151 797 1178 se
828 1137 1142 1178 conveniebant.
1210 1136 1376 1176 Etenim
1412 1138 1535 1187 poeta

55 1210 97 1250 iu
127 1214 307 1261 utraque
338 1209 553 1248 comoedia
583 1209 700 1260 quasi
732 1221 877 1248 novam
909 1209 1087 1259 aliquam
1117 1207 1397 1254 comoediam,
1429 1218 1535 1258 quae

56 1293 150 1320 cum
186 1280 277 1333 ipso
319 1279 507 1319 instituto
540 1284 870 1332 argumentoque
900 1278 1066 1318 fabulae
1096 1290 1353 1329 nequaquam
1384 1277 1534 1316 cohae-

55 1352 188 1399 rebat,
219 1351 480 1402 interposuit,
512 1350 628 1401 quasi
660 1350 892 1402 episodium
925 1349 1151 1400 quoddam,
1182 1360 1304 1399 quam
1334 1347 1535 1387 rationem

56 1422 179 1460 etiam
224 1421 265 1460 in
309 1421 622 1460 Daetalensibus
668 1425 833 1472 poetam
880 1424 1069 1459 secutum
1116 1430 1209 1458 esse
1249 1418 1448 1457 vidimus:
1494 1422 1537 1456 et

54 1496 153 1531 tunc
196 1490 375 1531 fortasse
419 1491 577 1544 primus
624 1490 714 1530 sine
752 1490 942 1542 exemplo
983 1490 1064 1529 hoc
1106 1492 1351 1537 novaverat,
1393 1491 1538 1541 postea

57 1574 150 1601 cum
180 1562 398 1614 probatum
442 1566 555 1601 esset
586 1560 910 1601 Atheniensibus
940 1561 1022 1600 hoc
1051 1571 1184 1612 genus
1215 1559 1537 1608 comoediarum,

57 1633 155 1673 satis
195 1633 297 1672 illud
328 1632 496 1684 quidem
534 1630 730 1671 festivum
772 1636 814 1670 et
843 1631 1070 1679 ludicrum,
1109 1634 1151 1669 et
1180 1628 1249 1668 alii
1280 1634 1453 1681 poetae,
1491 1633 1539 1669 ut

58 1704 305 1756 Metagenes
338 1702 450 1752 (vid.
484 1702 534 1741 ad
567 1701 864 1751 Daetalenses)
903 1702 1049 1740 imitati
1087 1704 1205 1747 sunt,
1245 1703 1286 1737 et
1322 1700 1412 1751 ipse
1443 1699 1537 1739 Ari-

58 1773 283 1826 stophanes
315 1772 605 1824 frequentavit.
650 1772 721 1812 Sic
750 1771 874 1824 igitur
905 1773 1027 1811 etiam
1057 1771 1100 1811 in
1133 1770 1198 1809 his
1218 1770 1443 1810 comoediis
1471 1783 1537 1810 ar-

59 1844 246 1899 gumenti
277 1844 540 1884 severitatem
573 1843 726 1883 salibus
758 1848 800 1881 et
829 1842 973 1895 lepore
1003 1849 1238 1894 temperare
1276 1841 1454 1889 studuit,
1496 1843 1539 1880 et

58 1914 279 1955 ridiculum
309 1915 475 1966 aliquod
506 1914 787 1966 spectaculum
818 1913 1018 1961 inseruit,
1056 1911 1166 1951 unde
1207 1911 1331 1950 etiam
1362 1914 1537 1963 utraque

58 1985 274 2026 comoedia
306 1997 523 2025 numerum
553 1985 758 2038 pluralem
787 1979 1002 2037 Δράματα
1034 1995 1133 2035 prae
1163 1994 1209 2021 se
1238 1980 1334 2021 fert.
1394 1982 1448 2021 Et
1476 1981 1536 2020 al-

58 2060 148 2095 tera
179 2055 348 2107 quidem
380 2056 576 2108 inscripta
607 2054 685 2095 fuit
715 2049 931 2108 Δράματα
962 2047 988 2101 ἢ
1024 2051 1300 2104 Κένταυρος,
1339 2052 1535 2092 Centauri

59 2126 168 2166 euim
189 2139 338 2166 nomen
359 2127 411 2165 ad
428 2126 532 2165 illud
562 2127 696 2178 ipsum
717 2126 948 2179 episodium
966 2129 1145 2178 spectat:
1179 2123 1367 2163 existimo
1399 2128 1535 2161 autem

59 2202 226 2249 poetam
266 2197 506 2236 exhibuisse
547 2198 774 2245 Herculem
813 2210 835 2235 a
869 2196 998 2234 Pholo
1029 2195 1237 2235 Centauro
1274 2193 1535 2244 hospitaliter

60 2272 299 2318 exceptum:
347 2278 524 2316 namque
576 2267 771 2305 Herculis
820 2266 1022 2317 imprimis
1071 2265 1336 2303 voracitatem
1388 2262 1535 2302 comici

60 2340 236 2387 poetae,
288 2335 358 2386 qui
394 2335 569 2374 ridicula
606 2336 825 2387 captabant
863 2340 904 2373 et
942 2335 1152 2386 vulgarem
1192 2332 1532 2373 consuetudinem

61 2405 362 2456 sequebantur,
400 2403 589 2444 solebant
626 2410 966 2457 repraesentare,
1007 2405 1086 2444 vid.
1121 2404 1291 2455 Vespar.
1331 2416 1367 2442 v.
1398 2404 1454 2442 60
1490 2407 1534 2442 et

61 2475 157 2514 Pac.
200 2488 235 2514 v.
276 2474 374 2514 741.
449 2475 542 2515 Hoc
590 2474 723 2526 ipsum
771 2479 910 2515 autem
956 2479 1243 2527 argumentum
1286 2477 1534 2513 tractaverat

59 2545 357 2597 Epicharmus,
397 2545 476 2584 vid.
508 2546 744 2585 Eustratius
774 2546 826 2585 ad
856 2546 1025 2586 Aristot.
1056 2545 1193 2585 Ethic.
1225 2543 1383 2584 Nicom.
1416 2542 1474 2583 lli
1503 2544 1533 2583 5

59 2614 103 2662 5,
130 2613 225 2654 coll.
257 2615 507 2654 Commentt.
538 2628 580 2666 p.
612 2616 708 2656 149.
753 2606 895 2657 Altera
925 2621 1064 2655 autem
1093 2615 1308 2654 comoedia
1335 2615 1531 2667 iuscripta

62 2682 145 2722 fult
172 2679 386 2736 Αράματα
414 2678 443 2733 ἢ
473 2680 662 2735 Νίοβος,
704 2688 821 2727 cuius
861 2690 1149 2739 argumentum
1179 2696 1351 2738 prorsus
1380 2685 1530 2725 obscu-

0 2772 3 2798 ÷
62 2765 170 2801 rum,
199 2755 275 2794 nisi
303 2756 412 2806 qnod
444 2755 495 2796 ad
527 2756 683 2797 Niobes
710 2758 938 2798 liberorum
968 2761 1123 2798 sortem
1153 2755 1403 2810 pertinuisse
1432 2767 1528 2809 pro·
