1716 3164
649 171 789 213 KPH
797 170 926 214 ΊΈΣ.
1431 170 1512 211 881

1 336 3 342 A
46 294 179 350 λομαι
207 289 640 343 Schweighaeuserus.
684 286 822 339 Vulgo
855 279 1057 338 βούλομ’.
1114 283 1255 325 Minus
1285 284 1425 336 aptum
1454 286 1518 323 est

2 344 3 357 ἵ
44 366 155 420 quod
182 360 477 404 Blomfieldius
508 358 560 399 ad
590 357 802 410 Aeschyli
819 357 960 396 Prom.
987 354 1073 396 795
1099 355 1283 395 tentabat
1313 347 1516 407 βούλομ’,

0 463 4 497 3
43 433 102 484 ὥς
130 427 525 489 Ιδιαναμασωμαι.
581 454 637 460 —-
693 428 765 470 VS.
794 426 822 466 4
862 426 1080 479 legebatur
1108 421 1243 463 τασδὶ
1283 418 1518 478 φιβάλεως.

0 504 5 565 ξ
45 509 115 551 ΑΒ
146 501 225 552 τὰς
257 501 302 542 δὲ
333 495 566 555 φιβάλεως.
624 497 780 550 Scripsi
810 495 935 549 igitur
965 492 1042 543 τὰς
1070 489 1292 547 φιβάλεως
1321 492 1381 533 δέ.
1433 495 1519 535 Re-

0 569 5 614 ἴ
43 577 229 630 spexisse
259 573 311 614 ad
340 573 452 612 hunc
479 570 617 610 locum
648 567 844 607 Photium
875 567 977 608 Lex.
1007 579 1047 619 p.
1071 565 1154 605 646
1183 566 1239 604 22
1270 569 1312 604 et
1341 565 1519 616 Elymu-

45 648 186 700 logum
217 645 278 686 M.
309 657 348 696 p.
378 641 462 681 793
491 639 567 678 25:
610 631 852 691 φιβάλ,εως
890 635 1013 688 γένος
1050 632 1201 683 συκῆς.
1259 631 1436 685 λέγουσι
1472 630 1520 673 δὲ

4 708 6 747 Ϊ
47 711 162 757 οὕτω
191 714 267 756 καὶ
294 709 371 759 τὰς
398 705 625 764 μυρρίιας,
653 702 1008 761 Ἀπολλοφάνης,
1042 706 1310 747 monuiHist.
1330 705 1421 746 crit.
1446 705 1476 746 Ι.
1491 705 1520 746 1.

48 789 131 829 Pro
171 777 532 837 στεφανωτρίδας
571 778 992 832 Schweighaeuserus
1030 771 1378 831 στεφανωτίδας.
1435 773 1521 817 Sed

48 858 144 899 vide
172 853 425 898 Lobeckium
455 851 507 892 ad
539 850 694 903 Phryn.
727 865 768 904 p.
798 850 896 892 255.

751 962 805 1002 ΙΙ.

197 1046 293 1089 Καὶ
326 1041 532 1088 λεπαστά
555 1040 605 1099 μ’
638 1039 842 1093 ἁδύοινος
869 1039 1082 1100 εὐφρανεῖ
1106 1039 1172 1084 δι’
1205 1038 1382 1097 ἡμέρας.

163 1161 403 1203 Athenaeus
431 1160 490 1201 XI
517 1174 560 1214 p.
589 1160 673 1201 485
691 1174 728 1200 e.
770 1159 823 1200 de
861 1155 1058 1215 λεπαστῇ
1088 1158 1316 1198 disserens:
1351 1149 1523 1194 Ἀπολ-

52 1226 250 1286 λοφάνης
290 1229 336 1271 δέ
376 1229 472 1270 Καὶ
510 1226 736 1271 λεπαστάν
775 1227 865 1271 κτλ.
935 1230 1050 1270 Libri
1086 1227 1163 1268 καὶ
1201 1221 1427 1267 λεπαστάν
1465 1219 1516 1263 δ’

51 1298 263 1342 άδὺοινον
301 1296 540 1357 εὐφραίνει.
607 1301 798 1344 Correxit
835 1301 1058 1342 Personas.
1117 1299 1344 1341 Praeterea
1385 1296 1524 1339 malim

51 1368 230 1428 ἁμέρας.
759 1427 821 1467 ΠΙ

14 1556 15 1573 3
164 1512 422 1566 Hesychius,
464 1509 567 1552 Θεοὶ
598 1507 778 1563 ξενικοῖς
819 1506 941 1565 παρὰ
979 1504 1256 1559 Ἀθηναίοις
1295 1504 1527 1561 τιμῶνται,

13 1609 15 1633 1
52 1579 128 1633 οὓς
155 1581 384 1636 καταλέγει
420 1577 768 1637 Ἀπολλοφάνης
798 1576 989 1636 Κρησίν.
1049 1582 1112 1622 Ex
1140 1581 1222 1621 hoc
1252 1580 1425 1621 deorum
1455 1592 1529 1633 ge-

14 1655 15 1659 ’
54 1669 156 1697 nere
184 1655 265 1695 fuit
295 1654 418 1704 Attis,
446 1655 616 1704 Adonis,
648 1654 858 1703 Sabazius,
888 1654 1043 1700 Herus,
1073 1652 1191 1703 Hyes
1220 1651 1299 1692 alii.
1360 1651 1411 1693 V.
1446 1650 1530 1690 Lo-

55 1726 192 1768 beckii
232 1725 432 1777 Aglaoph.
463 1738 503 1777 p.
534 1726 631 1765 628.
690 1726 806 1776 Quae
847 1723 957 1776 apud
996 1722 1192 1762 Photium
1228 1722 1329 1762 Lex.
1359 1734 1400 1772 p.
1432 1721 1530 1770 616,

16 1799 17 1802 ’
56 1797 113 1837 15
144 1796 362 1848 leguntur:
397 1789 731 1848 Ἀριστοφάνης
772 1791 818 1832 δὲ
849 1790 1156 1844 ξυγκαταλέγει
1195 1789 1376 1841 ξενικοῖς
1405 1789 1534 1839 θεοῖς

57 1863 136 1907 τὸν
161 1859 299 1916 “’Υην,
337 1865 389 1905 ad
419 1866 751 1918 Apollophanem
781 1867 918 1919 potius
951 1868 1140 1918 spectare
1179 1863 1411 1915 suspicatus
1441 1875 1532 1903 sum

18 1982 19 1988 ,
57 1938 164 1980 nist.
195 1938 286 1978 crit.
317 1950 359 1989 p.
390 1937 486 1977 267.
546 1937 622 1978 Cfr
651 1937 854 1978 Dindorfii
882 1937 1047 1990 Fragm.
1079 1934 1291 1987 Aristoph.
1321 1947 1363 1987 p.
1392 1933 1490 1974 478.

759 2050 830 2092 lV.

170 2132 345 2174 Photius
375 2133 475 2174 Lex.
507 2146 548 2186 p.
578 2134 660 2174 281
693 2134 761 2175 19.
803 2126 1210 2187 ΖὙΙυσικάρφηςι
1250 2124 1393 2182 ὄνομα
1431 2126 1543 2168 Μυ-’

20 2250 23 2263 ἶ
61 2198 323 2258 σικάρφους·
353 2193 407 2242 οὗ
434 2202 697 2257 μνημονεύει
721 2198 1074 2258 Ἀπολλοφάνης
1101 2200 1148 2241 ἐν
1178 2197 1368 2255 Κρησίν.
1409 2193 1536 2251 Ἀρί-

62 2286 248 2328 σταρχος
279 2270 325 2311 δὲ
353 2269 422 2312 ἐπ’
459 2270 681 2326 ὀνόματός
710 2286 810 2314 τινα
840 2271 987 2322 ἀηδῶς
1026 2270 1298 2324 ἐπιγλιιῖτταν
1327 2271 1451 2320 (sic)·
1490 2266 1535 2308 οἱ

21 2376 23 2378 .
65 2343 112 2383 δὲ
135 2340 390 2395 ἀνέγνωσαν
406 2339 686 2397 μυσικάρφει,
714 2338 772 2390 ὠς
801 2338 991 2382 ἀκονιτί·
1023 2338 1074 2380 τὸ
1092 2337 1342 2394 μεμυκὸτως
1358 2339 1432 2379 καὶ
1462 2337 1538 2389 ξη-

64 2411 168 2469 ραῖς,
205 2409 266 2463 μὴ
305 2410 350 2451 ἐκ
388 2412 582 2467 φανεροῦ
611 2410 754 2466 γελᾶν.
813 2407 1072 2465 Κρατῖνος
1078 2404 1242 2465 Ὠραις.
1301 2410 1538 2464 Hesychius

24 2511 25 2515 =
65 2499 103 2527 v.
135 2479 422 2536 Μυσίκαρφιε
457 2478 600 2538 ὄνομα
629 2478 712 2537 γάρ
739 2481 832 2522 ἐστι
855 2478 1166 2537 Μυσίκαρφος,
1196 2482 1247 2522 οὗ
1277 2477 1540 2535 μνημονεύει

64 2554 141 2597 καὶ
177 2548 526 2606 Ἀπολλοφάνης
562 2549 587 2593 ὁ
631 2549 832 2607 κωμικός.
892 2548 951 2601 ὠς
993 2555 1103 2602 τινες
1143 2552 1189 2593 δὲ
1229 2549 1308 2593 τὸν
1350 2547 1538 2608 άρχίμα-

62 2636 158 2679 χον.
215 2625 265 2668 V.
296 2625 348 2665 ad
377 2624 591 2667 Cratinum
620 2640 662 2680 p.
694 2626 789 2665 168.

129 2833 295 2867 Comoed.
329 2838 399 2868 ant.
1220 2825 1276 2864 56
