1716 3158
236 187 318 233 980
739 186 1180 231 ARISTOPHANES.

237 296 549 347 Aristophanem
587 300 771 337 coactum
810 310 921 346 esse,
960 302 1004 337 ut
1041 298 1180 338 drama
1219 300 1412 342 doceret:
1452 310 1492 345 at
1524 319 1575 346 ne
1606 306 1684 347 hoc

236 366 399 418 quidem
430 365 670 409 testimonio
701 367 835 419 aliquo
865 367 1019 406 firmari
1048 372 1197 419 potest.
1262 370 1344 411 lam
1382 376 1564 425 quamvis
1603 389 1683 416 non

236 434 465 487 praefracte
498 436 744 487 negaverim,
765 436 1075 488 Aristophanem
1107 442 1177 477 aut
1194 438 1464 483 Callistratum
1495 450 1564 484 aut
1589 445 1686 484 Phi-

231 505 414 552 -1onidem
446 504 597 555 primas
637 505 881 556 quandoque
918 511 1054 557 partes
1094 508 1134 547 in
1175 507 1322 547 fabulis
1351 513 1517 561 agendis
1546 526 1684 553 susce-

235 575 359 626 pisse,
390 586 471 617 non
485 568 637 619 'tamen
659 575 771 626 prius
796 575 919 615 fidem
933 576 1105 625 habebo,
1136 590 1256 628 quam
1284 578 1442 619 idoneis
1472 593 1684 632 argumen-

230 644 288 684 tis
318 644 534 696 probatum
565 644 706 686 fuerit.

347 713 429 754 lam
462 713 718 758 Callistratus
749 717 790 752 et
820 714 1067 756 Philonides,
1101 715 1290 765 quoniam
1322 720 1483 767 poetae,
1514 731 1593 758 non
1623 719 1685 759 hi·-

234 783 408 823 striones
439 788 577 832 erant,
622 782 744 822 facile
774 783 1161 835 Aristophanearum
1191 784 1442 836 fabularum,
1484 800 1584 839 quos
1613 789 1685 828 do·
1712 781 1716 818 ἷ

234 853 392 899 cebant,
422 855 611 904 poterant
640 855 825 891 auctores
856 851 1012 892 haberi.
1050 855 1102 894 At
1132 866 1181 892 ex
1212 854 1262 892 iis
1291 855 1403 903 locis,
1434 869 1534 906 quos
1564 870 1684 909 supra
1711 831 1716 901 l,

234 921 572 969 examinavimus,
617 922 715 960 satis
754 933 961 972 superque
1000 927 1168 974 apparet
1197 923 1526 975 Aristophanem,
1571 933 1682 978 post÷
1714 913 1716 917 Α

233 1003 352 1042 quam
403 991 573 1041 Equites
629 991 716 1042 ipse
761 991 927 1038 docuit,
987 992 1107 1030 etiam
1162 1005 1300 1032 earum
1363 996 1680 1045 comoediarum,

231 1073 331 1111 quas
358 1060 447 1100 aliis
478 1060 682 1101 docendas
700 1060 915 1109 mandavit,
946 1061 1066 1112 vulgo
1097 1066 1304 1102 auctorem
1335 1064 1532 1103 creditum
1564 1079 1679 1104 esse:

231 1142 404 1180 namque
435 1143 558 1180 saepe
587 1129 639 1169 de
669 1142 714 1172 se
743 1130 832 1181 ipse
860 1130 915 1168 ita
944 1130 1149 1180 loquitur,
1192 1135 1237 1170 ut
1277 1134 1413 1171 nullus
1443 1134 1683 1173 dubitationi

230 1199 484 1250 relinquatur
513 1199 641 1239 locus.
706 1199 776 1239 Sic
804 1199 844 1238 in
875 1200 1059 1250 parabasi
1090 1201 1340 1251 vesparum,
1372 1214 1490 1251 quam
1521 1215 1682 1242 comoe-
1708 1234 1716 1239 ,

231 1269 338 1308 diam
382 1268 619 1307 Philonides
659 1268 817 1316 docuit,
860 1274 981 1320 poeta
1026 1269 1207 1320 loquitur
1249 1271 1300 1309 de
1339 1270 1480 1321 primis
1520 1240 1716 1320 sabulis‚lv

232 1350 333 1390 quas
350 1337 606 1377 Callistratus
637 1338 677 1378 in
710 1351 755 1377 se
783 1343 1009 1389 receperat,
1041 1342 1230 1390 tanquam
1262 1340 1313 1379 de
1343 1341 1528 1392 propriis,
1560 1355 1681 1393 porro
1710 1329 1716 1366 ἶ

229 1407 395 1459 respicit
434 1407 626 1457 Equites,
668 1408 738 1446 ubi
777 1408 951 1459 primum
990 1408 1080 1459 ipse
1113 1421 1230 1448 suum
1271 1415 1332 1449 est
1362 1410 1572 1461 professus
1605 1425 1677 1451 no-
1711 1430 1714 1431 ⁷

228 1490 336 1525 men,
367 1476 500 1528 attigit
529 1477 693 1525 Nubes,
724 1489 824 1528 quas
855 1476 1061 1518 Philonidi
1092 1479 1392 1522 commendatas
1433 1479 1562 1520 fuisse
1601 1495 1678 1520 non

230 1547 318 1595 sine
356 1546 654 1598 probabilitatis
691 1546 830 1598 specie
866 1547 1034 1586 conieci.
1108 1549 1227 1599 Quod
1267 1548 1300 1587 si
1330 1549 1568 1590 Philonides
1603 1552 1680 1591 Ve-

229 1628 392 1667 sparum
422 1619 565 1665 auctor
594 1615 873 1667 spectantibus
908 1616 1070 1661 habitus
1110 1622 1241 1667 esset,
1281 1617 1469 1670 profecto
1508 1619 1578 1658 illa
1616 1633 1680 1659 es-

228 1689 322 1727 sent
366 1685 505 1737 plane‘
530 1689 795 1736 praepostera
842 1689 882 1724 et
929 1699 1144 1738 perversa:
1197 1690 1238 1728 at
1283 1693 1452 1739 apparet
1495 1689 1681 1728 omnibus

228 1754 548 1798 Atheniensibus
585 1761 726 1794 notum
766 1754 909 1804 fuisse,
950 1757 1063 1796 cuius
1101 1761 1248 1809 poetae
1276 1757 1454 1798 fabulam
1486 1757 1679 1798 docturus

228 1829 336 1873 esset
374 1824 624 1873 Philonides.
693 1825 850 1869 Rursus
886 1825 926 1867 in
959 1825 1090 1876 Pace,
1128 1839 1248 1878 quam
1276 1827 1454 1868 fabulam
1488 1828 1577 1880 ipse
1606 1828 1680 1868 do-

227 1895 311 1941 cuit
340 1893 656 1945 Aristophanes,
686 1894 738 1934 de
768 1906 839 1937 sua
867 1895 981 1946 poesi
1011 1896 1144 1948 deque
1173 1897 1342 1941 aemulis
1374 1897 1506 1949 poetis
1537 1898 1679 1938 eadem

227 1975 396 2015 prorsus
426 1963 536 2014 dicit,
567 1964 630 2002 vix
659 1963 843 2016 pauculis
873 1965 1008 2014 verbis
1037 1966 1281 2015 immutatis,
1320 1978 1423 2017 quae
1453 1967 1493 2008 in
1525 1966 1678 2018 Vespa-

226 2044 317 2071 rum
347 2033 530 2084 parabasi
560 2033 774 2085 leguntur,
819 2045 924 2085 quae
960 2034 1124 2085 quidem
1165 2033 1303 2075 fabula
1340 2035 1568 2075 Philonidis
1603 2049 1678 2076 no-

228 2114 322 2142 men
353 2114 453 2154 prae
483 2114 529 2140 se
557 2102 670 2140 tulit:
708 2103 858 2142 deinde
898 2103 1017 2152 dicit,
1058 2104 1156 2155 quid
1183 2104 1223 2144 in
1254 2105 1564 2146 Daetalensibus
1592 2106 1677 2145 sive

226 2171 461 2223 Babyloniis
491 2172 749 2223 spectaverit,
779 2183 1020 2224 quamquam
1044 2173 1118 2214 has
1147 2173 1306 2217 fabulas
1321 2174 1575 2217 Callistratus
1605 2175 1677 2214 do-

226 2242 323 2280 cuit.
355 2242 522 2290 Certum
550 2241 676 2292 igitur
705 2245 780 2290 est,
809 2242 1136 2294 Aristophanem,
1165 2250 1378 2297 postquam
1401 2244 1572 2295 Equites
1602 2245 1675 2285 do-

226 2311 401 2360 cuisset,
433 2310 591 2354 etiamsi
620 2311 754 2362 alieno
784 2311 948 2356 nomine
976 2316 1183 2363 uteretur,
1221 2326 1298 2360 nec
1326 2313 1603 2355 dissimulasse
1630 2328 1676 2355 sa

226 2392 303 2421 nec
331 2380 500 2420 latuisse
530 2385 776 2431 spectantes.

334 2451 388 2490 At
415 2449 518 2489 illud
545 2450 765 2501 quaeritur,
795 2461 900 2501 quae
928 2450 1031 2499 ratio
1061 2451 1115 2494 sit
1142 2464 1280 2492 earum
1303 2451 1545 2503 fabularum,
1575 2466 1674 2505 quas

224 2521 318 2567 ante
346 2519 521 2571 Equites
549 2520 717 2572 scripsit
746 2519 1063 2571 Aristophanes:
1103 2525 1144 2561 et
1182 2521 1284 2563 illud
1322 2523 1484 2574 quidem
1513 2535 1562 2561 ex
1589 2522 1671 2562 illis

223 2586 347 2637 locis,
396 2600 498 2639 quos
535 2589 697 2641 saepius
731 2590 812 2639 iam
850 2589 951 2640 dixi,
990 2589 1147 2639 elucet,
1180 2596 1343 2642 poetam
1377 2592 1528 2643 primas
1577 2592 1669 2632 illas

222 2657 475 2710 comoedias,
506 2658 791 2710 paetalenses,
821 2658 1081 2710 Babylpuios,
1110 2660 1393 2708 Acharnenses
1420 2665 1564 2712 postea
1593 2645 1671 2701 sibi

221 2725 473 2781 sindicpsse:
513 2727 586 2777 sed
623 2728 723 2780 illud
756 2726 949 2779 dubium,
986 2740 1067 2780 quo
1097 2733 1286 2782 tempore
1313 2728 1555 2780 innotuerit,
1594 2730 1668 2772 has
