1716 3164
201 200 312 241 1186
701 194 1110 237 ARISTOPHAMS

201 310 381 363 Etymol.
410 309 471 349 M.
513 301 773 362 Πολυείδῳ).
831 301 1033 359 ’Έρημον
1070 302 1297 358 ἐμβλέπειν
1332 319 1413 348 non
1452 305 1645 359 expedint

202 379 357 419 comico
387 390 467 417 non
496 377 706 429 indignum
736 369 943 429 ἐρήμην
971 374 1157 427 βλέπειν,
1188 376 1525 426 quemadmodum
1541 370 1649 415 ὑπό·

201 459 367 501 τριμμα
407 444 581 497 βλέπειν
626 446 724 486 dixit
760 446 801 484 in
841 446 1002 486 Eccles.
1043 446 1122 485 291
1163 449 1204 483 et
1241 441 1356 482 νᾶπυ
1394 443 1565 496 βλέπειν
1606 446 1648 485 in

201 518 358 569 Equitt.
397 529 435 556 v.
474 516 553 555 631
600 515 696 564 (ubi
735 515 803 553 alii
842 515 1054 565 legebant:
1098 506 1302 563 Κᾶβλεπε
1341 509 1524 562 σίναπυ,
1565 514 1646 554 vid.
1708 546 1714 550 .

202 587 437 628 Athenaeus
469 585 526 625 lx
555 598 595 637 p.
625 585 708 622 366
738 583 792 634 D)
824 589 865 623 et
892 578 1096 635 κάρδαμα
1125 580 1298 633 βλέπειν
1326 583 1366 622 in
1383 583 1529 635 Vespis
1549 583 1646 631 450,

203 661 246 696 et
274 655 444 707 Eupolis
472 655 514 693 in
544 655 681 694 Aureo
711 652 884 692 Saeculo
917 653 986 692 Fr.
1018 652 1094 691 ΧΠ
1125 647 1256 699 σκύτη
1287 648 1448 702 βλέπει,
1477 656 1519 690 et
1546 646 1648 689 ἁπι-

203 720 333 764 στὶαν
373 721 546 775 βλέπειν
575 724 643 762 Fr.
676 722 759 761 lnc.
789 721 922 760 XXll.
961 722 1025 760 vel
1063 716 1222 772 ἔρημον
1259 718 1451 771 βλέπειν,
1491 720 1550 760 uti
1587 723 1650 759 est

136 812 142 815 ·
203 794 247 834 in
279 794 406 833 Ranis
435 806 473 833 v,
501 792 604 832 562:
628 786 850 845 ’Έβλεψεν
878 789 937 837 εἴς
965 802 1015 840 με
1047 784 1180 842 δριμὺ
1206 794 1247 830 et
1275 791 1317 830 in
1348 790 1522 830 Acharn.
1545 788 1649 828 254:

203 860 425 914 βλέπουσα
454 855 796 915 θυμβροφάγον,
837 867 879 902 et
908 859 1009 900 illud
1039 860 1172 912 ipsum
1201 860 1325 900 credo
1353 858 1650 900 restituendum

204 944 296 972 esse
325 931 605 984 Aristophani.
1129 924 1136 929 ⁴

812 1014 884 1055 Vl.
942 1013 1035 1055 V11.

315 1096 495 1149 Etymol.
530 1097 588 1138 M.
627 1112 666 1150 p.
697 1096 775 1136 451
816 1097 893 1136 51:
936 1088 1299 1147 Θησειότριψ·
1338 1087 1361 1131 ὁ
1398 1090 1443 1131 ἐν
1471 1088 1529 1147 τῷ
1562 1088 1649 1139 Θη-

204 1162 304 1220 σείῳ
343 1161 593 1218 διατρίψεις.
647 1158 975 1217 Ἀριστοφάνης
1016 1159 1247 1216 Πολυΐδῳ·
1285 1160 1359 1200 καὶ
1396 1154 1649 1211 θησομύ-

203 1233 311 1283 ζειν
350 1232 395 1272 δὲ
424 1232 470 1272 ἐν
500 1232 558 1289 τῷ
587 1229 704 1288 αὐτῷ
732 1232 910 1285 λέγεται.
969 1233 1089 1285 vulgo
1129 1229 1174 1269 δὲ
1204 1227 1253 1269 τὸ
1282 1227 1327 1268 ἐν
1356 1225 1473 1284 αὐτῷ
1502 1227 1649 1279 λέγειν.

203 1305 390 1351 Correxit
427 1303 684 1343 Gaisfordius
721 1304 772 1343 ad
813 1300 982 1342 Hesiod.
1013 1315 1051 1353 p.
1085 1301 1165 1340 112
1204 1314 1252 1340 ex
1290 1301 1444 1340 codice.
1512 1299 1650 1350 Ipsum

203 1378 338 1413 autem
368 1372 470 1412 illud
500 1373 739 1412 vocabulum
769 1374 998 1422 suspectum
1031 1370 1128 1409 mihi
1151 1370 1321 1418 videtur,
1353 1368 1572 1419 nescioque
1601 1379 1651 1406 an

209 1439 281 1489 Θη
299 1453 353 1480 σε
368 1436 615 1491 ιομύζειν
652 1439 911 1479 scribendum
943 1440 1015 1487 sit,
1046 1440 1155 1490 quod
1184 1443 1296 1477 recte
1326 1437 1459 1490 potuit
1488 1436 1566 1475 dici
1598 1435 1650 1475 de

204 1511 332 1550 servis
376 1511 445 1561 qui
482 1511 523 1549 in
554 1510 762 1549 Theseum
802 1507 1072 1559 confugerant
1109 1508 1246 1559 ibique
1284 1508 1470 1547 miseram
1501 1509 1651 1545 sortem

204 1579 430 1632 plorabant,
461 1578 534 1618 cfr.
566 1578 721 1629 Equitt.
752 1589 789 1616 v.
822 1577 888 1615 10.

881 1685 994 1727 V111.

316 1773 472 1814 Moeris
502 1786 541 1825 p.
571 1772 653 1811 286
690 1770 755 1810 ed.
795 1769 948 1808 Piers.:
1005 1762 1110 1806 Οὐκ
1148 1764 1397 1823 άπήρκει·
1438 1762 1536 1806 ἀντὶ
1576 1762 1654 1805 τοῦ

205 1838 280 1882 οὐκ
309 1839 483 1896 ἀπέχρη.
539 1833 864 1893 Ἀριστοᾳάνης
892 1833 1133 1892 Πολυείδῳ.

890 1949 962 1989 ΙΧ.

315 2035 462 2075 Pollux
506 2033 563 2074 IX
611 2033 714 2097 1320:
754 2026 1084 2086 Ἀριστοφάνης
1127 2021 1172 2069 δὲ
1217 2028 1264 2069 ἐν
1309 2025 1535 2083 Πολυεὶδῳ
1580 2025 1654 2066 καὶ

204 2097 596 2159 προσεμφερὴς
623 2098 753 2141 εἰπεν.

608 2324 1259 2369 ΠΡΟΛΓΩΝ.

313 2452 442 2493 Docta
481 2452 585 2492 haec
622 2455 686 2491 est
723 2450 861 2490 fabula
901 2452 1090 2501 praetore
1127 2447 1298 2499 Amynia
1335 2445 1382 2485 h.v
1419 2458 1456 2484 e.
1495 2443 1656 2495 Olymp.

204 2521 416 2562 LXXXIX
445 2523 472 2561 2
512 2520 685 2560 Lenaeis
725 2531 805 2559 una
841 2529 933 2557 cum
965 2517 1109 2568 Vespis
1149 2529 1222 2569 per
1259 2514 1536 2560 Philonidem,
1575 2511 1656 2550 vid.

201 2592 500 2642 Argumentum
526 2590 773 2641 vesparum:
807 2581 1058 2637 Ἐδιδάχθη
1093 2583 1164 2624 ἐπὶ
1201 2579 1405 2637 α’ρχοντος
1437 2575 1655 2632 Ἀμυνίου

203 2655 278 2696 διὰ
312 2655 561 2697 Φιλωνίδου
589 2656 636 2696 ἐν
666 2654 719 2713 τῆ
747 2650 830 2696 πῖθ’
861 2650 1120 2706 ὀλυμπιάδι·
1152 2650 1344 2706 δεύτερος
1371 2661 1437 2699 ην.
1483 2642 1543 2695 εἰς
1565 2643 1656 2697 Λή·
1682 2641 1685 2644 ’

202 2738 320 2768 vam.
385 2726 461 2766 καὶ
506 2723 626 2766 ἐνίκα
674 2723 841 2780 πρῶτος
895 2719 1140 2772 Φιλωνίδης
1178 2716 1436 2776 Προαγῶνι,
1481 2711 1657 2757 Λεύκων
