1716 3164
607 160 716 204 AA1
723 160 968 205 ΤΑΛΕΙΣ.
1415 163 1526 206 10θῖ

49 283 92 323 et
119 275 313 333 pudicum
354 277 487 319 filium
518 291 541 318 a
572 281 745 331 parente
775 277 1039 331 compellari:
1077 279 1119 316 at
1147 275 1324 329 primum
1361 277 1526 318 ostendi

48 351 212 402 nequit,
253 350 352 390 huic
388 351 502 390 rixae
540 348 782 389 interfuisse
820 349 994 388 alterum
1036 347 1194 397 filium,
1233 348 1351 389 cuius
1385 348 1527 390 nullae

45 421 211 461 omnino
255 419 324 460 hie
353 424 545 473 poterant
575 432 667 459 esse
696 422 856 470 partes:
900 418 1052 458 deinde
1093 417 1245 458 falsum
1286 422 1371 468 est,
1414 418 1525 471 quod

46 491 146 531 dicit
159 491 432 540 Fritzschius,
462 502 605 531 senem
636 501 684 528 ex
715 488 905 540 improbo
935 489 1022 528 filio
1040 501 1243 540 quaerere
1273 501 1354 528 non
1386 502 1524 541 posse,

45 574 151 614 quae
181 561 217 601 is
248 563 407 602 etiamsi
438 562 560 610 sciat,
589 558 713 599 fateri
743 559 867 611 plane
897 559 1024 599 nolit:
1062 563 1105 598 at
1135 571 1216 599 non
1249 563 1332 598 tam
1363 561 1524 611 quaerit

46 645 94 671 ex
125 632 215 671 filio
247 637 386 684 pater,
426 632 518 683 quis
559 634 703 670 auctor
745 630 799 669 sit
827 629 950 669 huius
981 629 1164 669 inusitati
1194 630 1408 679 vocabuli,
1448 631 1523 671 sed

44 702 328 755 indignatione
368 705 599 742 commotus
636 699 793 739 fatetur
830 713 876 739 se
914 701 1098 749 nescire,
1143 700 1235 753 quis
1284 700 1367 740 tale
1407 713 1524 742 mon-

42 776 172 813 strum
201 772 441 812 novaverit:
469 773 649 825 denique
685 770 986 822 Thrasymachi
1015 783 1165 811 nomen
1194 782 1340 823 parum
1371 783 1523 811 eonve-

43 844 104 884 nit
131 843 298 896 ingenio
330 843 451 895 probi
481 846 523 882 et
546 841 685 895 pudici
714 841 811 890 filii,
842 845 884 881 at
914 842 1023 881 eadit
1054 842 1209 894 optime
1238 841 1281 880 iu
1312 853 1421 890 eum,
1453 841 1523 893 qui

44 914 224 954 novitiae
253 913 495 965 disciplinae
525 913 622 952 tabe
651 911 831 951 infectus
861 911 964 951 fuit:
1002 913 1192 963 soletque
1221 910 1522 963 Aristophanes

44 985 221 1037 ingeniis
260 984 526 1035 moribusque
567 995 864 1035 personarum,
911 994 1013 1034 quas
1050 986 1358 1034 repraesentat,
1397 981 1521 1022 etiam

42 1056 208 1096 nomina
246 1054 579 1103 accommodare3
622 1054 760 1105 qualia
798 1056 894 1093 sunt
931 1048 1237 1100 Δικαιόπολις,
1290 1049 1521 1104 Τρυγαῖος,

42 1126 136 1166 alia.
194 1150 250 1157 --
307 1126 380 1166 Vs.
412 1125 439 1163 9
481 1125 576 1164 edd.
603 1120 787 1172 τούτων,
817 1127 932 1163 recte
961 1124 1170 1163 Brunkius
1200 1118 1344 1162 τοῦτο.
1405 1122 1521 1164 ldem

42 1189 249 1249 γηρύεται
276 1195 455 1248 scripsit,
486 1195 581 1235 edd.
613 1195 724 1235 enim
753 1188 978 1247 τηρεὺεται
1018 1198 1089 1234 aut
1120 1187 1330 1246 τερύεται.
1384 1194 1520 1234 Fritz-

41 1267 182 1307 schius
224 1261 479 1319 θηρεύεται.
550 1266 709 1318 Scripsi
750 1259 1059 1319 τερθρεύεταις
1116 1264 1391 1316 similiterque
1438 1265 1520 1305 Do-

40 1337 190 1378 braeus
219 1331 494 1391 τερατεύεται
524 1336 717 1378 coniecit.

720 1483 851 1526 XVll.

146 1583 307 1638 ‘'Oong
336 1584 488 1637 αὐλοῖς
516 1587 592 1629 καὶ
621 1583 799 1642 λύραισι
827 1583 1178 1639 κατατέτριμμαι
1201 1579 1422 1639 χρώμενος

154 1664 248 1714 εἶτά
276 1689 330 1728 με
360 1670 568 1715 σκάπτειν
596 1667 806 1722 κελεύειςς

156 1797 396 1839 Athenaeus
428 1797 486 1839 IV
515 1811 555 1850 p.
581 1797 663 1837 184
694 1798 756 1836 E:
796 1787 1042 1847 Ἐμᾳανίζει
1080 1788 1124 1829 δὲ
1154 1788 1229 1830 καὶ
1258 1785 1282 1830 ὁ
1307 1785 1520 1845 Ἀριστο-

42 1864 186 1923 φάνης
214 1867 261 1907 ἐν
290 1866 379 1915 τοῖς
404 1864 698 1907 Δαιταλεῦσιν
728 1861 808 1914 τὴν
838 1864 935 1919 περὶ
964 1861 1015 1903 τὸ
1045 1862 1227 1916 πρᾶγμα
1257 1859 1387 1901 τοῦτο
1416 1859 1520 1912 (τήν

42 1934 312 1991 αὐλητικὴν)
343 1933 567 1987 σπουδήν,
606 1930 716 1976 ὅταν
745 1934 868 1991 λέγῃ·
907 1927 1066 1982 (Ὀστις
1104 1930 1154 1973 δ’
1195 1929 1334 1982 αὐτὴν
1368 1928 1519 1980 αὐλοῖς

40 2009 116 2050 καὶ
154 2005 306 2064 λύραις
344 2007 435 2050 κτλ.
505 2004 646 2056 αὐτὴν
677 2008 828 2049 abiecit
858 2007 1149 2055 Casaubonus,
1188 1998 1238 2043 δ’
1271 2004 1517 2054 Brunckius,

29 2076 217 2136 ’λύραισι
250 2081 459 2121 Porsonus
488 2079 693 2119 restituit:
725 2092 801 2131 pro
828 2075 1177 2130 κατατέτριμμαι
1207 2079 1346 2115 autem
1375 2074 1517 2114 nescio

43 2164 94 2192 an
123 2151 346 2204 legendum
375 2152 451 2191 sit:
490 2147 878 2202 κατατέθρυμμαι.
948 2149 1054 2188 Nam
1092 2146 1162 2186 hie
1199 2155 1365 2197 quoque
1401 2145 1517 2185 loeus

43 2221 283 2274 depromta·
325 2225 388 2261 est
428 2233 478 2261 ex
518 2220 653 2272 aliqua
690 2231 815 2259 scena
854 2217 1118 2264 comoediae,
1158 2216 1230 2255 ubi
1268 2220 1386 2268 pater
1422 2227 1516 2254 eum

43 2302 172 2342 pravo
210 2290 299 2330 filio
336 2290 541 2341 litigatur:
580 2288 741 2328 iuvenis
781 2288 891 2327 enim
932 2299 1058 2340 aegre
1096 2286 1200 2335 fert,
1249 2285 1360 2336 quod
1397 2288 1517 2337 pater

42 2359 204 2412 ipsum,
245 2358 315 2410 qui
353 2358 395 2397 in
433 2357 538 2397 urbe
568 2356 742 2396 otiosam
780 2361 822 2396 et
852 2357 1022 2397 mollem
1051 2357 1223 2409 degerat
1252 2355 1401 2404 vitam,
1439 2367 1515 2396 rus

43 2429 159 2470 abire
195 2428 335 2480 ibique
375 2427 493 2479 operi
530 2428 732 2466 intentum
772 2440 864 2467 esse
902 2427 1040 2475 iubet,
1088 2439 1266 2478 namque
1306 2420 1516 2465 σκάπτειν

43 2499 126 2539 hoe
154 2499 246 2539 loco
276 2498 483 2551 propriam
514 2498 667 2537 retinet
696 2498 928 2547 notionem,
961 2509 1097 2548 neque
1127 2497 1357 2549 comparari
1387 2497 1514 2537 debe-

43 2569 115 2610 bat
144 2569 408 2622 proverbium
445 2567 565 2617 illud,
594 2567 705 2619 quod
735 2573 859 2620 poeta
887 2568 930 2607 in
960 2567 1116 2608 Avibus
1144 2580 1183 2607 v.
1215 2567 1326 2608 1432
1355 2568 1512 2622 attigit:

51 2633 105 2675 Τι’
133 2635 215 2692 γὰρ
245 2632 410 2688 πάθως
438 2632 647 2677 σκάπτειν
676 2635 759 2691 γὰρ
788 2634 865 2678 οὐκ
894 2633 1151 2690 ἐπίσταμαι.
