1716 3164
572 206 577 211 ,
590 159 979 204 ΠΕΡΙΑΛῙἨΣ.
1435 161 1520 204 653

42 287 182 333 xerat,
219 275 298 334 ἐγώ
333 277 381 320 δέ
416 273 460 333 γ’
502 271 559 318 ἂν
587 272 672 318 κάν
708 273 896 331 ὡσπερεὶ
935 271 1138 330 ψῆτταν,
1177 271 1313 325 δοκῶ,
1353 268 1520 315 δοῦνᾶν

42 349 234 408 ἐμαυτῆς
263 347 561 406 παρταμοῦσα
592 341 785 403 θῆμισυ.
845 350 906 391 De
936 348 1126 401 Leogora
1157 346 1421 387 Hermannus
1452 351 1515 387 at-

41 427 135 467 tulit
179 425 404 466 Sluiterum
449 423 583 462 Lectt.
627 421 784 462 Andoc.
830 433 870 472 p.
903 419 972 458 ll.
1055 416 1130 458 Cfr
1174 417 1414 458 Athenaeus
1460 418 1518 458 IX

39 510 83 552 p.
113 497 262 537 38711:
309 490 584 549 κωμῳδεῖται
630 486 712 544 γὰρ
756 485 780 529 ὁ
818 483 1052 543 Λεωγόρας
1085 483 1144 536 ώς
1190 483 1520 544 γαστρίμαργος

39 562 127 607 ὑπὸ
158 561 400 614 Πλάτωνος
429 561 476 603 ἐν
503 558 755 616 Περιαλγεῖ.

754 673 807 714 Π.

253 757 339 809 Ι’ος
367 755 518 813 πρῶτα
547 756 629 813 μὲν
659 756 832 798 Κλέωνι
861 751 1054 811 πόλεμον
1085 751 1275 812 ἠράμην.

151 864 386 906 Priscianus
418 863 518 904 Inst.
548 876 721 916 gramm.
753 861 892 904 xvln
922 874 963 914 p.
994 861 1075 901 211
1109 860 1181 901 Kr.
1211 860 1366 910 „Attici
1404 854 1516 916 ἠρά-

35 947 127 991 μην
162 930 355 988 πόλεμον
393 929 501 988 πρὸς
537 930 695 973 τοῦτον
732 931 807 972 καὶ
847 927 1001 987 τούτῳ.
1060 927 1257 970 Πλάτων
1291 931 1391 987 περὶ
1419 927 1517 973 Λά..

36 1020 130 1061 γιος
154 1003 325 1061 Πρῶτοι
352 1005 433 1059 μὲν
463 1001 580 1045 κτλ.”
647 1004 709 1044 lta
748 1002 984 1044 Putschius.
1045 1002 1243 1043 Krehlius
1282 1003 1411 1042 edidit
1451 1004 1515 1044 in·

38 1083 198 1121 certum
228 1091 279 1118 an
310 1091 335 1117 e
365 1076 600 1117 codicibus:
629 1068 824 1113 Πλάτων
847 1070 1098 1127 Περιαλγεῖ,
1131 1071 1282 1126 πρῶτα
1313 1075 1393 1126 μὲν
1421 1072 1513 1116 κτλ.

36 1153 170 1193 Recte
208 1151 419 1191 Pol-sonus
451 1147 502 1186 ad
532 1145 746 1198 Euripidis
776 1145 892 1185 Med.
925 1145 1007 1184 139
1039 1158 1106 1185 no.
1137 1145 1231 1186 XII.
1261 1143 1522 1198 Περιαλγεῖ,,

37 1217 85 1270 ὃς
116 1219 266 1275 πρῶτα
295 1219 375 1272 μὲν
403 1223 484 1258 etc.
550 1216 653 1257 cod.
685 1217 851 1257 Monac.
882 1216 991 1268 apud
1022 1216 1290 1269 Spengelium
1321 1218 1513 1270 Append.

38 1293 159 1335 Varr.
191 1305 232 1344 p.
262 1291 342 1330 621
375 1289 502 1329 habet
531 1284 857 1326 IIEPIAIIwC
880 1283 1031 1341 πρῶτα
1062 1287 1145 1340 μὲν
1174 1292 1253 1327 etc.
1314 1288 1512 1330 Ceterum

37 1361 102 1404 cfr
130 1361 240 1403 Hist.
272 1361 361 1401 crit.
392 1372 434 1412 p.
465 1357 561 1397 165.
738 1412 798 1452 ΠΙ

76 1496 205 1542 Ἀλλ’
237 1493 488 1554 ἡγούμεσθ’
518 1485 566 1537 εὗ
594 1491 829 1551 κάνδρείως
859 1493 1005 1553 πολλῷ
1034 1492 1213 1537 πάντων
1240 1496 1511 1552 προέχοντες.

149 1604 386 1645 Priscianus
417 1603 444 1643 Ι.
476 1602 504 1642 Ι.
535 1615 576 1654 p.
606 1600 704 1640 248.
746 1600 901 1650 „Attici
943 1599 1196 1655 προέχοντες
1232 1596 1400 1642 τούτων
1435 1601 1511 1643 καὶ

34 1669 230 1725 τούτοις,
275 1673 351 1714 καὶ
388 1669 530 1728 πολλῇ
568 1666 757 1711 πάντων.
818 1665 1014 1710 [Ιλάτων
1054 1671 1154 1727 περὶ
1192 1668 1338 1722 πάσης
1375 1669 1511 1723 ἄλλης

34 1734 114 1785 οὖν
142 1739 248 1785 ἔοικ’
280 1741 489 1799 ἀνδρείας
518 1738 665 1797 πολλῷ
691 1736 870 1781 πάντων
910 1741 1205 1796 προέχοντες.”
1269 1744 1373 1784 Cod.
1414 1745 1510 1785 Mo-

34 1829 122 1857 nac.
150 1810 345 1854 Πλάτων
374 1827 471 1869 περι
511 1811 673 1853 αΛΤει
710 1809 1514 1855 αΛΛοΤΟΥΝοΟάΟΥΚαΝάΡΙΩΟ

32 1883 263 1926 ΠΟΛΛΝ
298 1880 476 1925 πάντων
520 1882 789 1937 προέχοντες.
859 1883 962 1924 Cod.
1007 1885 1125 1926 Leid.
1174 1880 1371 1924 Πλάτων
1414 1883 1509 1924 Πε-

31 1955 204 2012 ριαλγεῖ
226 1950 327 1995 ἀλλ’
359 1951 862 2009 ηγουνεσθαγκανδριως
890 1952 1067 1993 πολλων
1089 1966 1270 1995 παντων
1299 1967 1507 2010 προεχον-

30 2041 111 2076 τες.
199 2030 315 2081 Quae
366 2031 483 2068 recte
536 2026 770 2066 emendavit
814 2025 949 2065 editor
995 2026 1200 2080 Scapulae
1243 2027 1504 2069 oxoniensis.

27 2099 205 2142 ,Frustra
233 2099 447 2138 Hanovius
477 2099 627 2137 Exere.
661 2096 678 2135 l
708 2109 749 2148 p.
779 2095 831 2134 41
873 2097 1079 2137 tentabat:
1115 2091 1215 2135 ἀλλ’
1248 2092 1502 2137 ἐπτοιεῖσθ·’

30 2163 108 2208 οὐκ
151 2165 372 2222 ἀνδρείως.
444 2168 671 2209 Fon-mulae
712 2154 759 2204 εὗ
800 2165 876 2204 καὶ
925 2162 1136 2219 ἀνδρείως
1180 2169 1368 2220 exempla
1410 2169 1505 2209 vide

30 2240 139 2292 apud
175 2240 388 2292 Aristoph.
420 2239 590 2278 Thesm.
622 2237 718 2277 656.
761 2236 976 2277 Platonem
1017 2239 1192 2279 Theaet.
1224 2252 1264 2290 p.
1300 2239 1421 2278 157d
1462 2243 1505 2279 et

29 2310 160 2362 Legg.
200 2310 259 2348 IX
299 2309 382 2347 855
398 2322 434 2348 a.
509 2309 570 2347 De
614 2307 929 2348 Atheniensium
967 2309 1202 2361 principatu
1249 2312 1290 2348 et
1328 2309 1502 2362 imperio

32 2378 167 2418 locum
197 2378 511 2431 intelligendum
543 2390 636 2417 esse
665 2390 748 2418 non
779 2378 935 2418 dubito.

255 2570 464 2627 Χρηστόν
493 2572 554 2628 μὴ
584 2571 697 2615 κατὰ
727 2574 924 2615 Mamas)
954 2572 1265 2631 ὀρτυγοκόπον.

139 2677 369 2718 Scholiasta
399 2679 684 2731 Aristophanis
714 2682 790 2721 Av.
821 2681 956 2720 1297:
1000 2677 1132 2728 δηλοῖ
1157 2677 1201 2718 δὲ
1232 2676 1361 2718 τοῦτο
1393 2675 1497 2733 (ὀρ-

25 2742 268 2799 τυγοκόπον
299 2748 428 2790 fuisse
459 2749 652 2801 Midiam)
680 2745 1016 2804 Ἀριστοφάνης
1044 2748 1090 2788 ἐν
1103 2748 1347 2804 Περιαλγεῖ
1375 2749 1496 2804 Χρη-
