1716 3164
606 175 1021 220 ΤΑῙῊΝΙΣΤΑΙ.
1426 183 1448 223 l
1457 183 1538 225 149

69 290 280 335 ἐπιθεῖσα
318 283 533 340 λήκυθον.
604 292 859 336 Addedbid.
902 305 939 334 v.
973 293 1084 333 1038
1121 305 1208 346 sqq.
1267 311 1322 320 —-
1381 293 1453 335 Vs.
1471 294 1538 335 13

63 359 266 418 χεόμενοι
305 362 518 403 Seidlerus
558 362 744 415 scripsit,
782 363 903 403 codd.
939 361 1107 415 χὲομεν.
1175 363 1362 403 Pertinet
1398 367 1537 406 autem

66 435 135 476 hic
166 435 281 474 locus
312 434 363 473 ad
392 428 603 482 ἐπίδειξιν
633 433 834 484 aliquam,
863 445 985 485 quam
1014 434 1216 474 Prodicus
1253 433 1453 475 habebat:
1483 435 1537 476 ad

65 505 232 546 Prodici
262 509 376 544 certe
406 504 556 557 placita
587 504 753 543 omnino
791 503 862 543 illa
893 503 1150 544 conformata
1180 508 1244 544 est
1274 505 1427 555 oratio,
1466 506 1536 558 qui

65 581 239 616 mortem
278 576 402 627 longe
441 573 753 626 praeferendam
792 586 883 613 esse
927 575 1037 614 vitae
1067 574 1251 622 censuit,
1300 575 1382 615 vid.
1421 576 1534 616 Wei-

65 647 177 686 cker.
218 646 259 685 in
292 646 400 702 Mus.
434 645 567 684 Rhen.
603 644 619 683 1
651 644 677 683 4
715 657 755 696 p.
786 645 870 684 608
898 656 986 696 sqq.
1028 644 1180 695 quique
1220 656 1260 695 p.
1291 644 1371 683 621
1412 645 1534 686 etiam

64 717 177 757 hunc
206 716 343 756 locum
373 715 477 755 scite
506 714 557 754 ad
590 714 810 754 Prodicum
839 715 1012 755 rettulit.
1043 715 1099 754 Et
1130 714 1295 754 Prodici
1324 715 1534 767 ingenium

62 785 463 840 philosophandique
498 785 701 824 rationem
742 784 916 824 maxime
954 784 1135 837 produnt
1171 783 1242 824 iila
1280 790 1533 836 argumenta,

63 870 169 910 quae
199 869 247 896 ex
277 855 404 909 ipsius
434 855 635 895 sermonis
675 855 922 894 auctoritate
957 855 1086 907 petita
1123 858 1242 903 sunt,
1280 858 1326 893 ut
1357 868 1394 894 v.
1427 856 1448 894 l
1482 856 1534 894 de

62 928 255 976 Plutone,
283 927 383 966 item
414 939 451 966 v.
481 926 507 964 9
538 938 599 977 sq.
645 925 845 964 Prodicus
876 925 984 965 enim
1019 924 1099 965 vim
1131 928 1173 965 et
1202 924 1412 964 notionem
1443 937 1535 965 ver-

58 999 208 1039 borum
238 995 553 1049 diligentissime
583 996 834 1048 perscrutari
873 1001 915 1036 et
943 995 1204 1048 perpendere
1230 994 1414 1045 solebat,
1451 994 1530 1036 vid.

61 1067 257 1111 Welcker
284 1066 385 1107 ibid.
416 1078 457 1119 p.
490 1065 591 1107 559.

775 1178 828 1218 11.

282 1258 427 1304 Ἀλλὰ
457 1257 765 1317 στεφάνωσαι·
797 1259 872 1301 καὶ
901 1255 984 1315 γάρ
1013 1255 1189 1310 ἡλικίαν
1219 1256 1326 1314 ἔχεις

284 1343 549 1403 ἀποχρῶσαν
579 1343 678 1399 ἤδη.

169 1463 470 1503 Grammaticus
501 1463 542 1503 in
571 1462 752 1502 Bekkeri
782 1459 937 1501 Anecd.
970 1459 988 1499 1
1018 1471 1060 1511 p.
1090 1446 1173 1498 439
1204 1459 1259 1498 22
1290 1462 1331 1497 et
1360 1457 1529 1498 Suidas:

53 1525 393 1586 Ἀποχρώντως·
443 1528 688 1587 αὐτάρκως,
734 1527 905 1576 ἱκανῶς.
972 1523 1307 1582 Ἀριστοφάνης
1341 1526 1532 1579 Ταγηνι-

57 1602 182 1650 σταῖς
200 1617 208 1626 ·
236 1598 382 1642 Ἀλλὰ
409 1615 474 1642 στ.
508 1601 598 1642 κτλ.
658 1603 835 1644 Videtur
865 1601 971 1641 haec
1001 1600 1141 1640 dicere
1170 1599 1383 1651 improbus
1414 1600 1528 1639 iuve-

58 1673 142 1722 nis,
182 1674 252 1725 qui
290 1680 448 1727 patrem
488 1674 540 1713 de
580 1674 659 1713 vita
697 1673 902 1713 decedere
939 1671 1076 1711 iubet:
1121 1675 1326 1721 acuteque
1364 1669 1528 1710 coniicit

57 1744 301 1785 Welckerus
340 1744 444 1785 haec
474 1756 639 1797 quoque
673 1742 885 1784 Prodiciae
915 1741 1128 1783 doctrinae
1158 1740 1392 1781 irrisionem
1425 1753 1524 1781 con-

59 1814 208 1855 tinere.

758 1897 833 1937 111.

285 1985 456 2029 Τοῦτον
483 1983 561 2027 τὸν
590 1981 722 2041 ἄνδρ’
750 1982 779 2038 ἣ
810 1981 988 2040 βιβλίον
1017 1983 1261 2040 διέφθορεν

279 2067 308 2123 ἢ
338 2068 560 2128 Πρόδικος
590 2066 617 2122 ἢ
648 2070 732 2112 τῶν
762 2067 1012 2125 ἀδολεσχῶν
1040 2062 1101 2119 εἷς
1126 2069 1173 2124 γε’
1203 2084 1280 2119 τις.

165 2185 394 2227 Scholiasta
426 2186 560 2227 Nubb.
578 2186 662 2226 360
691 2186 755 2236 (et
784 2185 932 2226 Suidas
963 2198 1000 2225 v.
1024 2179 1286 2238 Πρόδικος)ε
1319 2176 1525 2235 Προδίκῳ

54 2280 110 2288 —-
139 2249 401 2307 μνημονεύει
434 2251 486 2293 δ’
515 2252 652 2294 αὐτοῦ
679 2255 755 2294 καὶ
781 2248 1113 2308 Ἀριστοφάνης
1141 2252 1187 2292 ἐν
1206 2249 1521 2304 Ταγηνισταῖς·

61 2320 151 2363 Τὸν
179 2319 321 2378 ἄνδρα
352 2322 508 2363 τοῦτον
538 2319 565 2373 ἢ
594 2323 684 2365 κτλ.
732 2325 802 2366 Vs.
825 2326 846 2364 l
879 2326 1042 2365 inverso
1073 2324 1218 2363 ordine
1248 2322 1393 2374 scripsi
1422 2319 1524 2360 τοῦ-

54 2405 134 2434 τον
162 2391 240 2434 τὸν
269 2389 399 2448 ἄνδρ’
428 2390 469 2445 ἤ.
529 2396 687 2436 Deinde
718 2392 962 2448 διέφθορεν
994 2395 1209 2442 Kusterus,
1241 2393 1363 2445 vulgo
1392 2388 1516 2445 διέφ-

2 2518 7 2522 .
53 2463 219 2518 θειρεν.
265 2491 320 2499 —-
364 2466 435 2507 Vs.
463 2466 490 2505 2
533 2465 680 2506 Suidas
710 2461 968 2518 ἀδολέσχων.
1029 2465 1136 2505 Tum
1170 2463 1390 2504 scholiasta
1419 2462 1521 2503 mira

51 2537 251 2576 varietate
280 2533 528 2589 ei'otppnocg.
583 2536 702 2576 Adde
725 2537 916 2577 Proclum
945 2536 986 2575 in
1019 2535 1201 2575 Platonis
1232 2533 1519 2573 Parmenidem

53 2605 111 2647 1v
149 2619 190 2658 p.
220 2604 276 2644 50
316 2606 382 2646 ed.
423 2606 598 2646 Cousin:
646 2601 799 2645 Αὐτὸν
835 2607 917 2658 μὲν
955 2601 1034 2644 τὸν
1069 2598 1311 2656 Σωκράτην
1344 2600 1519 2656 πτωχὸν

52 2670 295 2728 ἀδολέσχην
333 2671 586 2715 καλούντων
620 2673 708 2714 τῶν
743 2673 1068 2731 κωμῳδοποιῶν
1108 2673 1184 2712 καὶ
1219 2670 1321 2720 τοὺς
1358 2668 1518 2721 ἄλλους

54 2741 101 2783 δὲ
129 2740 448 2796 ἁπαξάπαντας
479 2745 554 2786 καὶ
582 2743 683 2794 τοὺς
711 2741 1036 2799 ὑποδουμὲνους
1071 2733 1185 2784 εἶναι
1222 2740 1517 2791 διαλεκτικοὺς
