1716 3164
617 154 1038 199 ΑιοΛοΣιΚΩΝ.
1180 133 1184 137 ’
1476 158 1561 198 oia

88 280 310 333 Sosipater,
341 276 442 319 nihil
474 274 584 316 aliud
609 275 721 324 dicit,
753 287 874 327 quam
904 287 950 314 se
979 272 1185 325 antiquam
1217 269 1329 312 illam
1357 270 1458 312 artis
1488 283 1560 312 cn-

66 351 254 392 -linariae
277 349 458 398 laudem,
475 360 598 402 quam
622 345 879 387 inchoaverit
899 345 1038 394 Sicon,
1070 346 1318 384 sustentare.
1348 341 1434 382 lam
1461 355 1559 383 vero

83 422 382 469 Athenienses,
429 420 499 472 qui
539 431 668 471 usque
709 417 760 456 ad
799 416 899 456 belli
941 413 1282 468 Peloponnesiaci
1321 414 1560 454 finem-ali-

86 505 206 544 quam
250 496 364 531 certe
411 490 591 543 speciem
641 489 834 541 antiquae
878 485 1151 539 simplicitatis
1198 489 1241 524 et
1284 485 1562 525 continentiae

86 566 375 610 servaverant,
418 566 513 613 post
551 560 655 599 illud
694 563 879 610 tempus,
921 570 1014 596 cum
1046 556 1150 596 nihil
1179 555 1397 595 sublimius
1429 556 1562 596 hone-

86 634 272 684 stiusque
309 642 451 671 eorum
490 631 645 670 animos
675 630 870 682 agitaret,
912 639 1082 681 prorsus
1122 625 1371 667 diffluebant
1401 626 1561 668 deliciis

88 709 130 744 et
160 702 448 755 voluptatibus,
478 700 736 752 maximeque
767 699 896 753 viguit
925 699 997 739 illo
1029 703 1231 751 tempore,
1264 697 1375 750 quod
1405 698 1562 738 bellum

88 772 484 826 Peloponnesiacum
508 771 695 823 proxime
724 772 957 811 insecutum
988 775 1064 820 est,
1094 770 1193 809 artis
1224 769 1446 809 culinariae
1476 773 1563 810 stu-

87 845 227 886 dium:
265 855 441 894 namque
483 842 830 894 quemadmodum
870 847 1006 882 aetate
1036 841 1320 894 provectiores
1359 840 1563 881 eiusmodi

87 916 252 957 delicias
282 913 465 954 studiose
498 917 719 965 expetunt,
759 915 815 953 ita
857 914 981 953 etiam
1011 917 1278 953 senescentes
1311 917 1352 951 et
1383 911 1563 954 confecti

83 986 384 1039 propemodum
413 984 493 1023 iam
525 984 669 1036 populi
700 997 902 1025 summam
933 985 1066 1028 victus
1095 983 1314 1035 cultusque
1346 983 1563 1024 mollitiem

84 1062 128 1097 et
157 1056 498 1110 depravationem
529 1061 784 1107 sequuntur,
812 1056 854 1096 id
879 1055 996 1109 quod
1027 1054 1189 1097 mediae
1220 1054 1462 1094 comoediae
1494 1067 1563 1094 re-

83 1127 238 1180 liquiae
281 1128 381 1168 satis
422 1127 603 1167 dilucide
641 1127 888 1177 ostendunt:
934 1128 1075 1180 itaque
1113 1126 1223 1167 circa
1259 1126 1362 1166 illud
1398 1129 1564 1179 tempus

85 1198 277 1240 Siconem
317 1199 416 1238 artis
469 1199 584 1239 illius
621 1204 833 1239 auctorem
872 1199 1130 1253 potissimum
1167 1198 1360 1238 floruisse
1398 1210 1563 1239 censeo.

87 1270 226 1323 Ipsum
257 1270 423 1322 quidem
455 1283 606 1311 nomen
631 1270 872 1311 comoediae
901 1270 1077 1310 inditum
1090 1262 1367 1309 Λίολοσίκων
1381 1269 1565 1311 Grauer-

85 1346 151 1381 tus
180 1348 294 1380 recle
325 1341 515 1393 explicat,
547 1342 748 1394 exemplis
766 1341 1047 1382 consimilibus
1077 1341 1262 1391 adiectis,
1293 1341 1346 1381 de
1376 1341 1562 1401 homine,

84 1412 154 1464 qui
171 1412 290 1452 Aeoli
320 1415 361 1450 et
382 1413 542 1461 Siconis
574 1414 697 1453 simul
724 1413 909 1454 indolem
940 1413 1198 1453 coniunxerit
1229 1412 1414 1464 duasque
1446 1413 1562 1465 quasi

83 1483 267 1523 induerit
301 1497 511 1536 personas.
581 1485 635 1524 At
666 1483 778 1536 quod
807 1484 918 1524 idem
949 1484 1179 1524 Grauertus
1224 1488 1389 1534 censet,
1430 1489 1561 1524 totam

84 1553 192 1594 hanc
232 1553 414 1594 fabulam
463 1555 506 1594 in
559 1554 788 1595 deridenda
829 1555 1042 1608 Euripidis
1096 1555 1308 1608 tragoedia
1361 1561 1564 1597 versatam

87 1639 204 1675 esse,
244 1638 322 1665 nec
359 1625 602 1665 comoediae
634 1627 820 1679 reliquiis
851 1626 1088 1666 confirmari
1118 1630 1282 1685 potest,
1323 1632 1364 1666 et
1396 1628 1563 1668 omnino

87 1695 327 1736 adversatur
363 1701 535 1735 naturae
574 1709 621 1736 ac
660 1698 808 1737 rationi
847 1699 1007 1750 poesis:
1048 1710 1295 1750 quamquam
1332 1698 1402 1738 hic
1432 1712 1564 1748 error,

86 1767 338 1806 inveteratus
362 1767 434 1805 ille
448 1767 629 1818 quidem,
660 1768 728 1808 hic
746 1770 969 1822 perstringi
992 1773 1149 1809 tantum
1179 1774 1330 1821 potest.
1365 1770 1451 1809 lmo
1467 1771 1565 1811 Ari-

85 1837 311 1891 stophanes
340 1838 522 1878 fabulam
551 1839 662 1878 illam
693 1840 902 1891 antiquam
939 1841 993 1880 de
1023 1840 1155 1881 Aeolo
1193 1841 1250 1881 ita
1281 1842 1470 1881 tractavit
1500 1847 1563 1882 at·

85 1923 166 1962 que
195 1909 335 1962 lepide
364 1910 618 1960 immutavit,
659 1916 705 1950 ut
736 1912 801 1952 sui
832 1912 987 1952 saeculi
1015 1912 1235 1965 imaginem
1268 1912 1380 1952 haud
1412 1913 1564 1954 obscu-

61 1993 171 2021 ‘ram
203 1980 443 2021 exhiberet:
485 1985 527 2022 et
566 1984 786 2036 exagitavit
814 1984 888 2024 ille
918 1984 1085 2036 quidem
1117 1984 1291 2023 maxime
1320 1984 1483 2027 insanas
1511 1985 1563 2025 li-

85 2052 246 2092 bidines
281 2052 479 2105 illamque
509 2053 642 2094 victus
671 2055 926 2107 ,exquisitam
957 2055 1186 2104 luxuriam,
1229 2056 1281 2094 de
1322 2068 1402 2108 qua
1421 2052 1563 2097 -mod'o

86 2123 191 2163 dixi:
238 2123 486 2164 documento
543 2130 637 2166 sunt
685 2125 919 2179 fragmenta
968 2126 1091 2167 huius
1139 2128 1402 2170 comoediae:
1455 2128 1562 2168 adde

85 2199 302 2248 praeterea
342 2195 558 2236 Libanium
599 2198 734 2250 Epist.
764 2198 848 2237 420
879 2211 920 2251 p.
951 2198 1059 2238 215·
1099 2197 1259 2251 ᾳρονεῖ
1294 2199 1376 2248 μὲν
1416 2197 1564 2250 μεῖζον

82 2260 398 2317 Ἀλκιβιάδου,
429 2267 551 2305 ποιεῖ
575 2264 622 2306 δὲ
653 2267 708 2306 τὰ
738 2265 955 2317 Σίκωνος,
987 2262 1013 2307 ὸ
1039 2281 1084 2307 τι
1115 2268 1161 2308 ὸὲ
1191 2267 1319 2317 οὗτος
1347 2266 1455 2324 ἔδρα
1487 2267 1563 2309 τὸν

86 2329 427 2390 Ἀριστοφάνην
454 2333 568 2389 ἐροῦ.

199 2545 443 2587 Athenaeus
476 2548 552 2590 Vll
583 2562 624 2601 p.
654 2549 793 2590 27⁶0:
840 2545 939 2588 Τῶν
968 2547 1015 2589 δὲ
1045 2545 1280 2605 παρόντων
1309 2564 1561 2605 γραμματι-

85 2611 171 2655 κῶν
209 2629 274 2664 τις
309 2613 597 2673 ἀποβλέψας
613 2631 674 2667 εις
711 2618 791 2670 τὴν
832 2617 910 2659 τοῦ
939 2616 1122 2661 δείπνου
1149 2635 1432 2677 παρασκευην
1460 2619 1560 2679 ἔφη,

86 2674 179 2726 εἶτα
206 2701 297 2736 πως
328 2685 622 2744 δειπνησομεν
651 2689 850 2731 τοσαῦτα
881 2689 1062 2745 §.cmm
1096 2690 1200 2742 ἴσως
1230 2691 1322 2735 διὰ
1350 2693 1557 2747 νυκτός,

86 2769 145 2805 ως
179 2752 207 2800 ὁ,
235 2758 403 2815 χαρίεις
448 2755 784 2818 Ἀριστοφάνης
828 2761 876 2802 ἐν
904 2757 1202 2807 Αἰολοσίκωνι
1240 2756 1379 2820 εἶπεν,
1419 2759 1557 2815 ου’τως
