1716 3164
174 159 283 203 1⁰98
679 160 1034 204 ARISTOPHAN
1042 163 1089 203 IS

172 274 327 315 animos
369 271 443 319 (et
486 275 582 311 tunc
624 272 786 324 quidem
831 274 1019 313 Cratinus
1051 273 1253 313 Thressas
1296 274 1485 324 docuit),
1526 287 1617 314 mox

170 344 372 396 gliscente
411 342 700 393 superstitione
730 344 891 395 publica
922 344 1168 383 auctoritate
1196 345 1472 398 confirmatam
1503 357 1613 402 esse:

171 414 310 465 ltaque
345 410 396 451 ad
431 411 532 451 illud
569 411 701 464 ipsum
743 419 904 466 tempus
934 412 1070 453 refero
1102 413 1383 464 Aristophanis
1414 414 1615 454 Lemnias.

885 524 915 563 1.

306 608 486 663 Λῆμνος
513 605 702 664 κυάμους
731 610 950 665 τρέφουσα
979 608 1181 665 τακεροὺς
1209 610 1283 650 καὶ
1312 606 1482 658 καλούς.

277 722 514 763 Athenaeus
554 723 653 764 VIII
693 736 733 775 p.
763 725 844 763 366
885 726 942 765 E:
1009 720 1128 777 Πρὸς
1177 722 1315 762 ταῦτα
1359 716 1616 770 ἀπαντήσας

166 786 191 831 ὁ
223 786 386 838 Ζώϊλος
416 787 520 845 ἔφη,
549 787 891 846 Ἀριστοφάνης,
920 782 952 831 ὦ
984 783 1120 842 οὗτος,
1152 789 1198 830 ἐν
1212 788 1432 844 Λημνίαις
1462 787 1509 829 τὸ
1540 803 1615 828 τα-

165 857 289 916 κερὸν
319 856 466 911 ἔταξεν
495 859 564 901 ἐπὶ
594 859 672 900 τοῦ
701 861 936 916 τρυφεροῦ,
967 862 1099 915 λέγων
1130 854 1285 907 οὕτως·
1317 859 1495 913 Λῆμνος
1525 858 1612 900 κτλ.

165 930 321 974 Versus
358 931 533 972 fortasse
579 945 602 971 e
637 932 807 985 prologo
851 933 965 984 quasi
1014 933 1189 985 quodam
1232 932 1404 984 petitus,
1447 932 1487 971 in
1532 944 1612 983 quo

164 1007 287 1057 poeta
317 1002 577 1042 Lemniarum
609 1002 827 1041 mulierum
856 1001 1016 1042 facinus
1061 1002 1275 1055 exposuit:
1312 1001 1456 1041 eodem
1486 1001 1611 1053 perti-

168 1077 268 1112 nent
292 1072 581 1124 subsequentia
611 1070 851 1124 fragmenta.

861 1181 913 1221 Il.

322 1261 559 1305 Ἐνταῦθα
589 1259 640 1302 δ’
671 1258 946 1316 ἐτυράννευεν
971 1258 981 1270 '
998 1262 1031 1302 Υ
1033 1260 1223 1316 ψιπύλης
1251 1260 1395 1317 πατὴρ

331 1345 464 1399 Θόας,
494 1346 766 1404 βραδύτατος
794 1342 856 1388 ὢν
885 1346 930 1386 ἐν
959 1342 1211 1400 ἀνθρώποις
1241 1345 1434 1401 δραμεῖν.

270 1462 508 1502 Ammonius
538 1475 578 1514 p.
610 1462 692 1501 138
721 1460 786 1500 ed.
817 1459 957 1501 Valk.:
1001 1454 1224 1511 Τύραννον
1259 1456 1301 1497 οἱ
1337 1455 1507 1512 ἀρχαῖοι
1536 1457 1607 1497 ἐπὶ

159 1527 372 1583 βασιλέως
401 1526 589 1570 ἔτασσον
616 1554 671 1563 ·-
699 1523 1024 1582 Ἀριστοφάνης
1052 1526 1098 1567 ἐν
1111 1525 1353 1580 Λημνίαις·
1380 1524 1604 1568 Ἕνταῖθ’

157 1595 434 1654 ἐτυράννευεν
469 1598 559 1642 κτλ.
617 1599 847 1650 Interposui
883 1598 1125 1650 particulum
1169 1596 1234 1646 δέ,
1273 1599 1476 1639 Brunkius
1508 1596 1607 1637 <irv-

158 1664 360 1723 ράννευὲν
390 1682 454 1708 πο
467 1665 526 1709 θ’
555 1664 819 1721 “Υψιπύλης,
850 1667 957 1707 idem
977 1661 1224 1720 βράδιστος,
1257 1681 1328 1720 pro
1360 1670 1468 1721 vulg.
1500 1667 1608 1722 βρα-

159 1734 352 1793 δύτερος,
390 1740 537 1793 scripsi
576 1734 860 1792 βραδύτατος.
928 1739 980 1778 At
1009 1738 1297 1789 quod‘deinde
1336 1739 1485 1790 legitur
1520 1737 1606 1777 τῶν

158 1807 203 1848 ἐν
233 1804 510 1862 ἀνθρώποις,
539 1809 638 1848 ferri
666 1809 777 1849 nullo
809 1811 926 1860 pacto
957 1812 1104 1859 potest,
1135 1808 1279 1859 scripsi
1308 1808 1431 1860 igitur
1457 1802 1533 1847 ὢν
1561 1807 1607 1847 ἐν

158 1874 428 1933 ἀνθρώποις.
487 1880 579 1919 Non
608 1879 776 1930 illepide
805 1882 940 1916 autem
972 1877 1286 1928 Aristophanes,
1316 1891 1406 1916 cum
1438 1879 1603 1919 Thoan-

159 1954 240 1988 tem
271 1948 545 1987 tardissimum
577 1947 755 1987 omnium
786 1947 964 1999 appellat
1002 1945 1231 1996 nomenque
1274 1946 1449 1987 hominis
1487 1949 1602 2000 inge-

157 2019 225 2060 nio
264 2018 483 2057 convenire
522 2021 665 2068 negat,
695 2017 942 2067 tragicorum
982 2016 1319 2054 consuetudinem
1362 2016 1492 2065 ridet,
1531 2017 1599 2069 qui

157 2100 277 2128 omen
321 2087 434 2138 quasi
477 2086 678 2137 quoddam
732 2086 771 2124 in
821 2086 911 2136 ipso
952 2085 1116 2123 nomine
1159 2085 1351 2135 indagare
1403 2086 1601 2135 solebant,

157 2156 498 2208 quemadmodum
534 2155 633 2195 fecit
672 2154 889 2205 Euripides
927 2155 968 2193 in
1008 2154 1087 2193 hoc
1123 2154 1211 2205 ipso
1242 2154 1437 2192 vocabulo
1469 2155 1601 2206 lphig.

157 2227 283 2266 Taur.
313 2226 389 2264 31:
443 2215 505 2263 Οὔ
534 2222 610 2275 γῆς
639 2219 819 2262 ἀνάσσει
850 2217 1110 2276 βαρβάροισι
1140 2217 1360 2278 βάρβαρος
1393 2218 1524 2273 Θόας,
1555 2218 1602 2271 ὃς

153 2292 268 2333 ὠκὺν
299 2289 415 2332 πόδα
445 2294 588 2341 τιθεὶς
618 2292 715 2334 ἴσον
752 2291 919 2346 πτεροῖς
953 2287 1032 2339 Ἐς
1059 2286 1238 2343 τοῦνομ’
1270 2280 1381 2340 ἦλθε
1417 2289 1493 2343 τῆς
1523 2305 1602 2333 πο-

157 2360 335 2411 δωκείας
362 2359 501 2417 χάριν,

845 2439 917 2478 111.

309 2521 418 2570 Τοὺς
448 2519 609 2577 ἄνδρας
639 2518 938 2576 ἀπεχρήσαντο
970 2517 1067 2566 τοῖς
1097 2516 1429 2575 παιδοσπόρους.

265 2637 560 2677 Grammaticus
589 2638 629 2677 iu
659 2636 834 2676 Bekkeri
865 2636 1016 2676 Anecd.
1050 2636 1067 2674 1
1096 2649 1135 2687 p.
1167 2634 1247 2673 423
1274 2634 1350 2672 32:
1385 2626 1599 2684 Ἀπεχρὴ-

155 2717 311 2755 σαντο,
341 2702 643 2759 διεχρήσαντο,
669 2702 941 2746 ἀπέκτειναν.
980 2700 1216 2758 ’Λημνίαις
1250 2697 1597 2754 Ἀριστοφάνης·
