1716 3164
245 169 327 211 684
832 167 1055 210 PLATON
1060 169 1109 210 IS

249 292 492 333 quamquam
532 279 690 319 nullum
731 278 864 318 habeo
902 272 1218 320 huius'formae
1259 282 1502 334 exemplum.
1558 283 1694 324 Elms-

245 350 349 389 leius
378 349 428 388 ad
458 348 665 400 Aristoph.
697 347 873 389 Acharn.
891 349 988 397 112,
1017 349 1086 400 qui
1116 348 1279 389 delebat
1306 347 1398 400 κάν,
1430 356 1470 391 et
1487 352 1693 404 Schweig-

246 419 486 467 haeuserus,
517 417 586 469 qui
614 414 934 470 Σαρδιαναῖσιν
962 418 1176 468 scribebat,
1206 419 1448 471 syllabarum
1478 434 1693 461 mensurae

247 499 391 538 parum
411 486 581 527 fuerunt
601 488 763 528 curiosi.
794 489 1045 538 Quamquam
1077 488 1452 540 Schweighaeuseri
1470 491 1573 529 ratio
1604 490 1692 530 for-

247 559 356 596 tasse
372 557 553 596 excusari
568 560 714 608 potest,
744 558 778 597 si
797 553 1118 611 Σαρδιαναῖσιν
1134 543 1325 610 quatiunt·
1343 558 1506 610 syllabis
1530 559 1691 600 efferas.

247 625 330 665 Pro
361 619 686 679 κοσμησάμενοι
724 626 787 676 (D
823 623 1165 679 κοσμισάμενοι)
1203 627 1463 667 casaubonus
1492 627 1693 668 scribebat

245 690 567 763 uocwqxcrdsstevot.
635 697 828 737 Ceterum
865 697 969 736 haec
1007 697 1058 736 ad
1086 696 1270 750 Legatos
1299 695 1409 735 haud
1438 696 1691 750 improbabili

247 766 482 806 coniectura
509 766 668 806 rettulit
696 766 777 806 Th.
808 766 1008 819 Bergkius
1037 767 1264 808 Comment.
1293 779 1333 819 p.
1364 765 1459 805 395.

939 921 1010 962 lx.

462 1019 615 1072 Λύσας
644 1022 689 1064 δὲ
718 1020 856 1078 ἀργὴν
885 1022 1080 1080 στάμνον
1108 1022 1295 1073 εὐώδους
1322 1022 1460 1066 ποτοῦ

460 1102 583 1157 ἵησιν
610 1104 747 1156 εὐθὺς
774 1105 944 1158 κύλικος
972 1105 1031 1158 εἷς
1058 1108 1203 1150 κοῖλον
1230 1105 1366 1160 κύτος,

462 1186 599 1232 ἔπειτ’
632 1187 822 1246 ἄκρατον
849 1188 927 1233 κού
956 1191 1336 1249 τεταργανωμένον

462 1271 579 1315 ἔπινε
607 1271 935 1329 κάξημύστισεν.

347 1410 584 1453 Athenaeus
612 1410 672 1450 xl
702 1423 743 1463 p.
769 1410 915 1450 783d:
961 1408 1036 1449 καὶ
1083 1405 1135 1448 τὸ
1172 1406 1291 1464 ῥῆμα
1334 1407 1380 1448 δὲ
1409 1402 1681 1462 ἐξημύστισε,

237 1475 376 1535 φασί,
414 1477 466 1519 τὸ
503 1474 582 1534 ἐφ’
619 1474 667 1518 ἓν
696 1477 865 1533 πνεῦμα
904 1482 1031 1521 πιεῖν.
1096 1474 1154 1526 ὥς
1198 1475 1222 1519 ὁ
1259 1475 1444 1532 κωμικὸς
1480 1473 1684 1529 Πλάτων,

235 1546 392 1598 Λύσας
422 1547 469 1588 δὲ
499 1544 637 1603 ἀργήν
666 1547 758 1590 κτλ.
816 1551 1054 1591 Eustathius
1084 1549 1135 1589 ad
1165 1550 1279 1590 Iliad.
1309 1563 1350 1602 p.
1369 1551 1476 1590 1282
1505 1550 1584 1589 31:
1613 1547 1687 1588 καὶ

235 1618 355 1676 ῥῆμα
383 1615 648 1672 ἐκμυστίζειν
676 1615 725 1658 τὸ
753 1614 830 1673 ἐφ’
863 1613 911 1659 ἓν
939 1616 1110 1672 πνεῦμα
1139 1614 1299 1667 πίνειν,
1337 1609 1432 1658 οἷον
1459 1613 1611 1664 Λύσας
1641 1615 1687 1656 δὲ

235 1684 372 1744 ἀργήν
411 1716 465 1723 —-
494 1684 789 1740 κᾶξεμύστισε.
847 1685 1086 1736 Πλάτωνος
1124 1686 1252 1728 τοῦτο
1290 1684 1491 1740 κωμικοῦ.
1557 1687 1628 1728 Vs.
1659 1687 1683 1726 1

236 1759 442 1801 Iacobsius
472 1755 606 1806 λύσας
635 1756 792 1813 διαρκῆ
820 1754 1026 1811 στάμνον.
1057 1758 1179 1798 Aliud
1209 1758 1305 1810 quid
1333 1758 1447 1798 latet.
1475 1781 1531 1788 -
1568 1757 1639 1797 Vs.
1657 1757 1684 1795 2

233 1828 478 1879 Eustathius
518 1827 666 1868 κοῖλον
704 1824 879 1875 πλάτος.
936 1828 1188 1880 Antiphanes
1218 1827 1400 1879 Aphrod.
1432 1827 1449 1865 1
1480 1828 1506 1866 2
1542 1823 1684 1865 κοιλο-

233 1893 441 1951 σώματον
468 1893 607 1946 κύτος.
681 1900 849 1940 Alcman
879 1897 987 1949 apud
1017 1897 1167 1937 Athen.
1198 1897 1256 1936 lx
1284 1909 1325 1947 p.
1354 1895 1436 1935 416
1453 1908 1488 1935 c.
1528 1890 1683 1948 τρίπο-

234 1966 309 2016 δος
336 1963 473 2014 κύτος.
533 1968 754 2021 Euripides
783 1967 897 2020 Cycl.
926 1967 1008 2006 398
1036 1963 1215 2017 λέβητος
1244 1960 1382 2011 κύτος.
1443 1991 1498 1997 -
1554 1966 1624 2007 Vs.
1655 1967 1683 2005 3

232 2051 308 2092 pro
343 2034 420 2076 κού
459 2038 580 2089 vulgo
615 2032 703 2077 καί.
761 2038 794 2076 C
825 2041 867 2076 et
895 2036 1134 2076 Eustathius
1163 2033 1238 2074 καὶ
1266 2028 1332 2074 οὐ.
1390 2034 1483 2075 vid.
1508 2033 1681 2075 Valcke-

233 2107 369 2148 narius
399 2106 451 2146 ad
480 2105 937 2159 Callim.E1eg.p.253.
966 2130 1020 2142 -‚
1048 2104 1162 2147 vs.4
1192 2098 1446 2156 ἐξημύστισε
1475 2103 1683 2157 Schweig-

232 2176 458 2217 haeuserus
486 2188 562 2228 pro
593 2171 852 2228 ἐξεμύστισε,
882 2174 993 2228 quod
1022 2174 1172 2215 fefellit
1198 2174 1473 2215 Eustathium.

935 2297 988 2336 X.

461 2376 526 2418 Τὰ
555 2379 829 2433 γραμματεῖα
859 2374 958 2426 τούς
988 2391 1032 2417 τε
1057 2372 1220 2431 χάρτας
1249 2374 1452 2432 ἐκφέρων.

346 2499 492 2540 Pollux
509 2501 707 2543 V11210:
736 2499 811 2540 καὶ
835 2496 997 2554 χάρτας
1026 2496 1071 2538 δὲ
1101 2495 1199 2545 τοὺς
1220 2495 1537 2550 γεγραμμένους
1553 2492 1681 2534 Halo}-
1711 2478 1714 2541 j}

235 2579 322 2607 των
362 2566 526 2622 εἴρηκεν
561 2566 584 2610 ὁ
613 2565 798 2622 κωμικός
833 2566 898 2608 Τὰ
927 2567 1202 2622 γραμματεῖα
1229 2565 1318 2607 κτλ.
1375 2567 1438 2607 Ad
1469 2565 1681 2620 Πρέσβεις
1709 2566 1716 2601 ἱ

235 2642 405 2692 propter
450 2640 537 2678 eius
581 2639 745 2680 fabulae
788 2639 1060 2692 fragmentum
1103 2642 1288 2690 quartum
1334 2637 1549 2678 revocabat
1599 2636 1716 2678 Tha

234 2708 434 2761 Bergkius
463 2708 691 2750 Comment.
721 2723 762 2763 p.
791 2709 886 2750 893.
1712 2692 1716 2700 ’
