1716 3164
184 175 266 225 ⁹⁵³
710 171 1115 217 Ams'rornANis

1648 0 1716 112 Ξι

1666 94 1706 112 {.1

1678 121 1705 134 ‘3

187 282 317 338 μένης
352 283 425 322 καὶ
463 280 505 330 ἐς
533 279 766 338 χρημάτων
803 279 1062 338 ἄθροισιν.)
1123 298 1286 327 omnem
1316 287 1487 328 omnino*
1518 287 1623 328 fidu·
1677 331 1681 336 ,
1714 307 1716 346 ]

187 354 293 394 viam
321 353 361 392 in
391 356 524 392 vatum
557 355 762 406 promissis
797 360 1066 408 reponerent,
1104 358 1146 394 et
1176 355 1283 395 inter
1310 370 1422 409 spem
1453 362 1625 397 metum-

192 435 272 474 que
298 422 564 472 fluctuarent,
594 425 673 464 vid.
705 426 890 477 Tlnucyd.
922 425 977 466 Vl
1008 438 1041 464 c.
1073 425 1127 463 24
1157 428 1198 463 et
1227 437 1261 464 c.
1291 427 1358 466 31.
1415 429 1470 467 Et
1496 431 1630 466 vatum
1705 419 1707 422 ¹

193 490 356 542 quidem
385 493 547 532 oracula
576 494 747 545 plurima
776 495 1032 542 ferebantur,
1074 506 1178 544 quae
1208 506 1330 546 saepe
1360 496 1435 534 sibi
1464 508 1629 546 prorsus
1694 482 1711 508 ²¹

193 560 533 611 adversabantur,
563 564 644 603 vid.
676 564 879 603 Plutarch.
910 564 978 603 vit.
1009 564 1098 603 Nic.
1129 576 1164 603 c.
1194 564 1243 602 8:
1280 559 1441 602 Καίτοι
1469 561 1633 613 λέγεται

193 624 338 668 πολλοὶ
373 629 447 668 καὶ
476 629 595 685 παρὰ
623 630 708 671 τῶν
737 631 881 685 ἱερέων
917 630 1234 672 ἐναντιοῦσθαι
1263 629 1369 686 πρὸς
1396 629 1476 680 τὴν
1505 644 1635 685 στρα-

1695 506 1713 680 1

193 694 327 748 τείαν,
358 694 455 738 ἀλλ’
487 697 651 756 ἑτέρους
681 699 786 755 ἔχων
814 697 986 754 μάντεις
1014 698 1038 741 ὁ
1066 697 1347 752 Ἀλκιβιάδης
1375 700 1420 740 έκ
1437 697 1490 750 δή
1507 712 1636 740 τινων
1704 686 1713 718 11

196 763 353 819 λογίων
381 765 594 823 προῦφερε
623 769 844 820 παλαιῶν,
880 770 988 822 μέγα
1016 770 1135 817 κλέος
1163 767 1351 810 ἔσεσθαι
1378 768 1464 809 τῶν
1490 767 1637 819 Ἀθη-

140 858 152 868 =
199 833 334 876 ναίων
363 834 452 876 ἀπὸ
481 837 681 887 Σικελίας
709 839 798 881 κτλ.
857 843 982 881 Cuius
1011 842 1195 881 vanitatis
1226 847 1366 893 postea
1394 841 1512 881 valde
1540 854 1640 893 poe-
1693 874 1701 884 ,

1675 752 1707 850 5

198 907 320 947 nituit
355 909 648 960 Athenienses,
687 911 768 952 vid.
810 911 997 963 Thucyd.
1029 911 1106 952 Vll
1138 912 1184 950 1:
1220 905 1451 960 ὠργίζοντο
1487 907 1532 948 δὲ
1566 907 1641 948 καὶ
1701 893 1703 895 ’

200 977 290 1022 ΐθῖς
313 975 631 1029 χρησμολόγοις
659 992 701 1018 τε
729 979 804 1019 καὶ
831 976 1034 1031 μάντεσι,
1072 978 1145 1018 καὶ
1183 975 1340 1018 ὁπόσοι
1368 991 1411 1017 τι
1438 974 1532 1017 τότε
1562 974 1642 1017 αὐ-

202 1040 302 1091 τοῖς
330 1041 590 1094 θειάσαντες
619 1045 883 1099 ἐπήλπισαν,
911 1044 968 1096 ὠς
997 1044 1216 1101 λήψονται
1243 1044 1467 1089 Σικελίανι
1518 1048 1648 1087 (Ῑοοιιε

203 1118 343 1154 mento
388 1121 449 1156 est
479 1118 544 1156 vel
573 1118 744 1157 maxime
773 1119 981 1170 Euripidis
1011 1120 1200 1167 Electra,
1237 1130 1357 1169 quam
1394 1117 1645 1169 tragoediam

203 1185 395 1224 continuo
433 1191 525 1237 post
561 1188 829 1227 calamitatem
874 1189 987 1227 illam
1024 1189 1201 1228 Siculam
1239 1188 1399 1226 doctam
1446 1198 1535 1226 esse
1574 1185 1646 1224 de·

203 1255 437 1294 monstrabo
477 1256 590 1296 alias.
655 1257 731 1296 illa
768 1261 903 1297 autem
942 1257 1231 1311 superstitione
1269 1256 1442 1296 maxime
1480 1253 1647 1306 insignis

206 1328 294 1363 erat
322 1324 473 1374 Nicias,
503 1325 555 1365 de
584 1339 664 1378 quo
696 1327 960 1379 Thucydides
973 1328 1049 1369 Vll
1079 1327 1155 1367 5⁰:
1185 1324 1256 1365 καὶ
1286 1321 1455 1375 Νικίας,
1485 1312 1540 1372 ἧν
1567 1317 1650 1389 γάρ

205 1404 249 1431 τι
276 1391 350 1431 καὶ
378 1389 492 1445 ἄγαν
520 1393 725 1450 θειασμῷ
752 1408 796 1435 τε
825 1395 898 1435 καὶ
927 1394 986 1452 τῷ
1014 1391 1192 1450 τοιούτῳ
1206 1390 1520 1449 προσκείμενος,
1548 1387 1628 1431 οὐδ

207 1454 263 1499 ἂν
292 1459 702 1513 διαβουλεύσασθαι
731 1461 794 1504 ἔτι
822 1462 919 1519 ἔφη,
950 1465 1054 1519 πρὶν
1080 1461 1136 1512 ὠς
1155 1464 1196 1504 οἱ
1210 1461 1382 1516 μάντεις
1405 1459 1649 1515 ἐξηγοῦντο,
1691 1471 1702 1480 ’

207 1530 299 1583 τρὶς
328 1530 449 1572 ἐννέα
477 1529 638 1586 ἡμέρας
665 1534 826 1586 μεῖναι.
875 1541 917 1575 et
953 1536 1127 1575 eundem
1157 1539 1326 1587 propter
1354 1535 1457 1574 hanc
1485 1532 1651 1584 religio-

209 1614 304 1642 nem
334 1602 457 1654 digno
494 1608 611 1642 ornat
645 1605 862 1656 praeconio
891 1605 968 1646 Vll
997 1605 1074 1645 86:
1104 1597 1306 1643 ‘'wara
1347 1599 1399 1651 δὴ
1437 1597 1555 1650 ἄξιος
1590 1593 1652 1637 (ὃν

210 1669 253 1718 ἐς
288 1669 416 1710 τοῦτο
457 1669 690 1725 δυστυχίας
728 1669 974 1726 ἀφικέσθαι
1017 1670 1091 1713 διὰ
1127 1671 1207 1722 τὴν
1249 1669 1560 1724 νενομισμένην
1594 1661 1654 1715 εἷς

211 1736 262 1779 τὸ
291 1739 420 1780 θεῖον
447 1739 734 1790 ἐπιτήδευσιν.
771 1744 888 1784 Adde
921 1744 1184 1783 Plutarchum
1212 1744 1253 1782 in
1282 1744 1363 1782 vita
1392 1740 1531 1781 Niciae
1561 1752 1596 1779 c.
1627 1737 1655 1777 4

213 1812 256 1849 et
283 1809 324 1850 5.
380 1812 435 1852 At
463 1813 515 1851 ob
552 1813 594 1852 id
631 1814 762 1865 ipsum
801 1826 945 1866 graves
981 1826 1132 1865 poenas
1162 1813 1274 1852 dedit
1311 1810 1473 1850 comicis
1509 1808 1655 1860 poetis,

215 1880 556 1931 quemadmodum
582 1883 874 1935 Aristophanes
913 1883 954 1922 in
986 1884 1200 1934 Equitibus
1228 1881 1553 1933 superstitiosum
1584 1878 1652 1917 Ni·

216 1948 303 1988 ciae
332 1951 508 1990 animum
539 1952 684 1991 eximie
715 1952 918 2004 depingit:
948 1952 1016 1991 hic
1037 1956 1170 1991 autem
1191 1964 1240 1990 eo
1257 1951 1427 1990 maxime
1456 1952 1655 1998 tempore,

217 2020 326 2071 quod
344 2020 520 2060 Siculam
538 2022 761 2073 praecessit
776 2021 1089 2072 expeditionem,
1117 2020 1302 2059 timidum
1327 2018 1502 2057 animum
1520 2019 1657 2054 osten-

219 2089 347 2138 derat,
375 2090 512 2140 itaque
542 2091 628 2128 veri
656 2103 753 2129 sane
783 2096 846 2129 est
875 2091 1004 2129 simile
1019 2089 1333 2140 Aristophanem
1363 2086 1483 2125 etiam
1510 2085 1551 2124 in
1581 2084 1661 2123 hac

218 2149 431 2198 comoedia
459 2158 601 2198 Niciae
630 2172 711 2199 non
740 2159 987 2211 pepercisse.
1044 2160 1098 2198 At
1127 2170 1223 2196 vero
1253 2168 1379 2196 senex
1406 2155 1500 2202 ille,
1539 2165 1660 2204 quem

218 2229 541 2278 repraesentavit
570 2233 712 2279 poeta,
751 2241 832 2267 non
862 2232 926 2267 est
955 2228 1090 2267 Nicias
1119 2226 1232 2278 quasi
1261 2225 1426 2276 aliquis,
1464 2222 1537 2262 sed
1573 2222 1662 2273 ipse

219 2297 396 2348 populus
425 2297 706 2345 Atheniensis,
743 2297 810 2348 qui
836 2310 859 2336 a
887 2297 1095 2348 religionis
1123 2294 1477 2335 vinculo'solutus
1514 2302 1663 2342 repue-

220 2366 344 2406 rascit
381 2371 424 2405 et
460 2367 651 2407 iuvenilia
689 2367 811 2406 audet
849 2366 1052 2415 facinora,
1090 2363 1429 2417 quemadmodum
1465 2362 1508 2401 in
1536 2359 1664 2411 Equi-

222 2436 331 2475 tibus
366 2448 491 2475 senex
526 2437 598 2476 ille
634 2433 778 2488 Δῆμος
817 2440 1004 2475 recoctus
1052 2440 1094 2474 et
1128 2437 1320 2486 purgatus
1356 2445 1380 2471 a
1415 2431 1521 2471 vitiis
1558 2429 1662 2469 resi-

223 2506 367 2556 piscit,
410 2506 475 2545 vel
514 2506 554 2545 in
585 2507 730 2558 Vespis
773 2505 1011 2545 Philocleon
1061 2518 1084 2543 a
1114 2505 1236 2543 nimia
1264 2502 1467 2542 iudicandi
1497 2499 1664 2538 libidine

224 2574 440 2623 liberatur,
479 2576 544 2615 vel
579 2577 620 2615 in
652 2575 875 2615 Senectute
912 2586 1031 2613 senes
1059 2573 1118 2612 illi
1166 2573 1352 2613 omnibus
1392 2569 1507 2609 malis
1552 2566 1663 2606 exuti

224 2642 458 2684 lasciviunt:
486 2658 535 2684 ex
564 2647 709 2697 quibus
738 2644 933 2696 exemplis
961 2639 1058 2683 satis
1087 2653 1293 2694 superque
1321 2641 1509 2696 apparet,
1540 2647 1666 2688 quan-

227 2714 313 2752 tum
355 2713 620 2766 Aristophani
667 2714 772 2754 haec
813 2715 946 2766 imago
995 2711 1206 2764 placuerit.
1278 2710 1333 2749 Et
1374 2708 1666 2759 Theopompus
