1716 3164
583 170 723 213 'BAB
735 169 937 214 ΥΛΩΝΙ
938 169 1002 213 01
1004 203 1011 213 .
1464 178 1547 218 977

65 302 107 331 v.
125 287 236 329 1268
268 287 368 328 satis
397 287 548 328 acerbe
578 287 764 328 Athenas
796 282 1055 340 Κεχηναίων
1083 281 1213 326 πόλιν
1242 292 1373 328 vocat.
1433 288 1545 330 Tan—

63 358 125 411 git
162 362 302 398 autem
331 364 456 410 poeta
486 358 568 398 hoc
597 359 711 407 loco,
752 363 797 398 ut
834 358 1034 407 coniicio,
1075 358 1391 399 Atheniensium
1427 359 1545 400 illam

61 429 274 469 levitatem
308 433 433 481 atque
465 428 766 477 credulitatem,
797 441 876 479 qua
906 428 1189 479 eloquentium
1212 429 1394 470 virorum
1420 431 1548 471 verba

63 500 344 552 accipiebant:
374 513 467 540 nam
498 500 579 539 hoc
606 498 864 551 potissimum
898 498 1039 538 vitium
1071 499 1176 540 haec
1206 499 1420 540 comoedia
1450 512 1545 553 per-

13 561 18 566 «
66 570 252 619 strinxit,
282 570 363 611 vid.
394 570 573 612 Acharn.
604 582 642 609 v.
673 568 756 608 634
785 581 871 621 sqq.

353 759 496 819 Ἀνήρ
529 777 592 812 τις
621 760 728 818 ἡμῖν
757 763 879 805 ἐστιν
908 759 1223 818 ἑγκινοὺμενος.

174 868 354 923 Etymol.
371 868 431 909 M.
463 882 501 920 p.
520 868 601 908 311
635 869 688 908 1:
718 862 1042 920 ἐγκινούμενος·
1071 864 1384 920 Βαβυλωνίοις
1412 862 1545 922 Ἀρι-

61 935 301 993 στοφάνης.
360 933 582 993 ῥητορική,
622 933 852 991 ταράττων
881 938 955 978 καὶ
987 936 1245 991 ἐμποδίζων.
1305 941 1439 992 Quem
1481 937 1544 978 vi-

60 1022 152 1050 rum
185 1011 293 1049 dicat
321 1014 466 1061 poeta,
496 1009 685 1061 indagari
716 1010 873 1062 nequit,
907 1010 1102 1062 Gorgiam
1134 1015 1265 1059 certe,
1296 1009 1407 1061 quod
1436 1009 1544 1049 Sue-

57 1079 223 1120 vernius
254 1080 475 1129 existimat,
507 1092 772 1132 nequaquam
803 1081 1019 1121 intellexit,

745 1193 854 1235 xvi.

172 1280 403 1323 Scholiasta
444 1283 561 1322 Pacis
593 1296 628 1322 v.
660 1283 764 1322 348:
811 1276 1089 1336 Φορμίων.
1122 1307 1175 1312 —-
1207 1275 1347 1319 αὐτοῦ
1375 1275 1546 1332 μέμνη-

60 1362 134 1388 ται
162 1345 186 1389 ὁ
213 1348 401 1404 κωμικὰς
431 1349 478 1390 ἐν
504 1347 714 1392 Ἱππεῦσι
751 1352 828 1392 καὶ
856 1350 1080 1406 Νεφέλαις
1108 1350 1184 1390 καὶ
1212 1344 1539 1402 Βαβυλωνίοις,

59 1415 251 1468 Εὔπολις
277 1416 634 1476 Ἀστρατεύτοις.
688 1424 900 1463 Laudibus
930 1423 972 1462 in
1002 1422 1085 1462 hoc
1114 1434 1281 1474 quoque
1309 1421 1402 1470 loco
1428 1419 1546 1458 vide-

61 1498 132 1532 tur
177 1485 479 1546 Aristophanes
524 1494 790 1534 Phormionis
832 1495 1026 1534 virtutem
1074 1492 1295 1540 extulisse,
1348 1501 1546 1542 quorsum

59 1563 183 1603 etiam
214 1569 376 1616 spectat
405 1564 516 1614 aliud
547 1565 739 1605 scholion
770 1565 893 1605 ibid.:
935 1558 1141 1609 πολλάκις
1173 1559 1218 1601 δὲ
1248 1559 1418 1615 εἴρηται
1447 1557 1548 1614 περὶ

59 1629 219 1673 τούτου
248 1626 319 1673 ὅτι
349 1629 530 1685 ἀγαθὸς
560 1634 726 1687 ἐγένετο
754 1628 1025 1688 στρατηγός·
1068 1631 1115 1672 ἐν
1155 1630 1200 1671 δὲ
1230 1631 1321 1678 τοῖς
1357 1624 1548 1682 Ταξιάρ-

57 1715 155 1755 Ζθῑς
185 1702 364 1757 φέρεται
394 1701 452 1751 ὠς
481 1703 702 1753 ἐπίπονος.
764 1707 885 1746 Circa
915 1705 1017 1744 illud
1047 1706 1183 1756 ipsum
1213 1707 1377 1755 tempus
1407 1705 1547 1741 autem

60 1774 238 1813 maxime
278 1775 441 1814 illustre
493 1776 574 1816 fuit
619 1777 882 1817 Phormionis
927 1789 1100 1823 nomen,
1146 1786 1269 1825 quem
1308 1774 1546 1826 Acarnanes

61 1842 209 1884 ducem
241 1845 552 1896 postulaverant
583 1852 754 1900 propter
793 1851 1018 1899 spectatam
1059 1857 1185 1897 saepe
1214 1842 1462 1896 probitatem
1505 1845 1548 1880 et

59 1913 370 1963 fortitudinem,
409 1916 491 1956 vid.
532 1900 665 1957 schol.
697 1917 822 1958 Arist.
857 1917 952 1955 Pac.
983 1915 1068 1954 348
1108 1920 1150 1954 et
1183 1913 1409 1953 Pausanias
1441 1911 1459 1951 1
1490 1910 1547 1950 23

61 1985 143 2024 1⁰:
193 1981 422 2039 Φορμίωνι
460 1982 542 2040 γὰρ
582 1986 672 2034 τοῖς
708 1984 940 2025 ἐπιεικέσιν
978 1978 1254 2033 Ἀθηναίων
1282 1977 1379 2022 ὄντι
1408 1976 1548 2036 ὁμοίω

29 2053 132 2094 καὶ
182 2052 224 2102 ἐς
267 2051 496 2108 προγόνων
540 2053 676 2107 δόξαι
719 2051 799 2095 οὐκ
842 2051 1011 2109 ἀφανεῖ
1050 2052 1309 2105 συνέβαινεν
1353 2046 1549 2104 ὀφείλειν

54 2122 182 2189 χρέα·
228 2120 518 2178 ἀναχωρήσας
562 2116 641 2166 οὖν
682 2125 724 2174 ἐς
766 2123 844 2165 τὸν
873 2125 1099 2165 Παιανιέα
1139 2121 1295 2175 δῆιιον,
1339 2117 1547 2160 ἐνταῦθα

58 2190 170 2247 εἶχεν
204 2191 397 2243 δίαιταν
427 2194 470 2243 ἐς
499 2191 527 2235 ὃ
557 2192 776 2251 ναύαρχον
806 2191 943 2236 αὐτὸν
974 2191 1242 2243 Ἀθηναίων
1273 2182 1548 2244 αἱρουμένων

61 2248 300 2304 ἐκπλεῦσαι
342 2263 418 2304 οὐκ
457 2262 670 2319 ἔφασκεν·
723 2263 915 2318 ὀφείλειν
952 2279 998 2304 τε
1034 2262 1119 2317 γὰρ
1158 2260 1232 2303 καί
1269 2260 1312 2300 οἱ
1350 2259 1455 2314 πρὶν
1491 2252 1547 2296 ἂν

60 2330 235 2388 ἐκτίσῃ,
273 2330 382 2387 πρὸς
411 2332 514 2382 τοὺς
553 2348 824 2389 στρατιωτας
864 2330 942 2373 οὐκ
980 2324 1094 2374 εἶναι
1123 2329 1401 2386 παρέχεσθαι
1431 2323 1547 2383 φρό-

62 2413 208 2454 νημα·
237 2395 375 2449 οὕτως
403 2399 665 2454 Ἀθηναῖοι,
696 2400 869 2451 πάντως
890 2401 972 2456 γὰρ
994 2398 1230 2455 ἐροὺλοντο
1257 2395 1405 2454 ἄρχειν
1425 2396 1548 2452 Φορ-

59 2468 231 2524 μίωνα,
263 2467 319 2510 τὰ
352 2470 487 2526 χρέα,
529 2469 712 2522 ὁπόσοις
748 2470 925 2527 ὤφειλε,
967 2468 1241 2513 διαλύουσιν.
1300 2470 1546 2511 Accuratius

59 2537 166 2582 haef:
196 2544 385 2594 exposuit
408 2544 630 2585 scholiasta
651 2546 954 2598 Aristophanis,
986 2544 1199 2597 praeclare
1220 2545 1358 2582 autem
1384 2540 1546 2580 Boeck-

63 2611 159 2651 hius
189 2612 298 2663 apud
330 2614 515 2654 Meinek.
543 2615 582 2654 ll
613 2629 653 2668 p.
670 2615 755 2656 527
788 2616 983 2663 ostendit,
1015 2614 1305 2660 Athenienses,
1335 2615 1382 2651 ut
1414 2610 1545 2650 Phor-

68 2681 248 2722 mionem
279 2683 330 2722 ab
361 2697 459 2723 aere
489 2685 649 2734 alieno,
680 2687 790 2737 quod
820 2685 975 2738 populo
1006 2685 1173 2732 debuit,
1205 2682 1444 2730 liberarent,
1473 2680 1545 2720 de-

70 2750 268 2801 crevisse,
303 2757 349 2792 ut
378 2755 628 2794 sacrificium
658 2756 822 2808 publica
851 2756 1038 2806 impensa
1053 2754 1217 2793 Baccho
1247 2751 1439 2798 offerret,
1470 2749 1546 2788 nisi

130 2830 296 2864 Comoed.
328 2836 398 2866 ant.
1223 2823 1279 2860 62
