1716 3164
228 170 337 211 1228
721 166 793 207 DE
826 166 1162 208 PHORMIONE

225 283 332 323 inter
361 277 551 319 mortales
579 279 754 316 aetatem
785 282 980 329 agerent,
1013 280 1185 318 maxime
1216 278 1406 319 delectati
1436 281 1572 328 erant,
1600 279 1670 319 ille

225 349 447 404 quamlibet
476 348 620 386 domus
651 351 806 398 partem
836 360 880 386 se
909 338 1006 399 ipsis
1040 348 1228 388 lubenter
1258 360 1542 387 concessurum
1574 348 1671 387 dixit

223 424 388 474 praeter
415 429 539 457 uuum
569 417 693 464 illud,
724 416 830 467 quod
860 417 944 456 filia
973 417 1086 469 virgo
1117 418 1388 466 inhabitabat,
1425 417 1668 458 cubiculum.

224 491 397 530 Postero
429 487 495 525 die
526 491 566 525 et
597 486 709 537 virgo
741 490 783 530 et
814 487 944 525 omnis
974 487 1060 525 eius
1090 485 1307 526 famulatus
1346 490 1589 534 evanuerat;
1626 486 1669 526 in

224 557 411 598 cubiculo
455 559 590 595 autem
636 555 959 606 Tyndaridarum
1004 556 1137 607 sigilla
1181 560 1221 594 et
1267 555 1458 606 silphium
1505 567 1668 595 mensae

223 628 456 680 impositum
492 629 655 676 reperta
694 628 800 664 sunt.
871 625 1054 675 Denique
1096 625 1270 664 eundern
1308 625 1418 663 hunc
1455 623 1669 662 Phormio-

223 710 316 738 nem
355 708 435 735 una
464 706 555 733 cum
586 694 827 745 Epimenide
856 694 1106 746 Empedocle
1143 694 1313 745 aliisque
1342 693 1572 732 hominibus
1602 705 1669 732 va-

223 764 416 806 ticinandi
452 767 538 802 arte
576 763 795 802 nobilitatis
825 768 1115 803 commemorat
1145 763 1334 802 Clemens
1370 763 1484 802 Alex.
1519 762 1668 802 Strom.

224 836 241 876 1
271 848 311 887 p.
342 833 424 872 334
455 831 518 870 ed.
552 832 664 871 coh:
703 828 940 884 προγνώσει
979 830 1023 870 δὲ
1059 830 1132 870 καὶ
1163 825 1440 882 Πυθαγόρας
1476 826 1499 869 ὁ
1537 829 1669 882 μέγας

221 900 500 958 προσανεῖχεν
530 895 610 950 ἀεί,
630 895 824 956 ”Αβαρι’ς
854 913 898 940 τε
928 897 951 940 ὁ
977 895 1293 954 (Υπερβόρειος,
1333 899 1406 939 καὶ
1436 894 1670 953 Ἀριστίας

222 969 246 1014 ὁ
275 967 622 1025 Προκοννήσιος,
659 965 939 1022 Ἐπιμενίδης
975 983 1018 1009 τε
1048 966 1071 1010 ὁ
1104 966 1244 1024 Κρής,
1282 962 1400 1016 ὅστις
1437 964 1495 1016 εἰς
1520 964 1669 1022 Σπάρ-

221 1055 302 1092 την
331 1041 368 1092 *)
398 1035 598 1093 ἀφίκετο,
626 1038 702 1080 καὶ
731 1036 1014 1095 Ζωροάστρης
1043 1037 1066 1080 ὀ
1097 1037 1278 1089 Μῆδος,
1306 1036 1597 1091 Ἐμπεδοκλῆς
1625 1050 1669 1077 τε

221 1109 245 1153 ὁ
269 1108 614 1164 Ἀκραγαντῖνος
642 1109 716 1149 καὶ
749 1108 957 1165 Φορμίων
985 1106 1009 1149 ὁ
1039 1105 1209 1149 Λάκων.
1280 1110 1361 1149 Sed
1398 1109 1571 1148 fortasse
1605 1109 1667 1148 in·
1706 1123 1707 1126 ¹

219 1183 323 1224 iuria
352 1181 562 1233 culpamus
591 1180 833 1220 scholiastae
861 1180 1188 1233 neglegentiam3
1220 1178 1338 1218 valde
1368 1178 1475 1217 enim
1505 1189 1666 1226 vereor,

219 1265 273 1295 ne
300 1251 647 1292 Lacedaemonius
680 1250 756 1290 ille
786 1250 981 1290 Phormio
1023 1262 1101 1288 non
1142 1249 1325 1288 diversus
1363 1247 1491 1286 fuisse
1532 1246 1668 1286 existi-

218 1321 390 1363 mandus
433 1321 485 1360 sit
529 1333 553 1359 a
596 1319 843 1359 Phormione
889 1319 1135 1366 Crotoniaten,
1182 1331 1304 1369 quem
1346 1317 1389 1357 in
1431 1303 1668 1368 Trophonio

219 1389 551 1434 commemoravit
580 1389 794 1437 Cratinus,
839 1393 880 1427 et
909 1388 1234 1427 crotoniatarum
1267 1382 1513 1437 στρατηγὸν
1540 1385 1668 1425 fuisse

219 1459 441 1501 memoriae
489 1457 626 1508 prodit
669 1457 922 1509 Hesychius,
970 1452 1206 1508 Φορμίωνι
1260 1445 1385 1501 οὗτος
1425 1451 1667 1506 στρατηγὸς

219 1527 384 1581 ἐγένετο
416 1522 744 1577 Κροτωνιατῶν.
802 1525 925 1565 Hunc
954 1530 1090 1566 autem
1120 1526 1294 1565 eundem
1323 1525 1451 1565 fuisse
1480 1537 1572 1563 cum
1590 1525 1667 1564 La-

219 1596 484 1640 cedaemonio
525 1608 572 1635 ex
609 1595 660 1635 iis
695 1594 833 1646 colligi
863 1608 984 1647 posse
1022 1595 1121 1634 mihi
1159 1595 1318 1634 videtur
1339 1623 1350 1643 ,
1386 1607 1489 1646 quae
1526 1593 1579 1632 de
1615 1601 1666 1632 eo

218 1667 441 1710 memoriae
488 1665 667 1717 prodidit
712 1664 1006 1717 Theopompus
1052 1664 1180 1704 Chius
1231 1664 1339 1716 apud
1387 1664 1552 1704 Suidam
1597 1662 1665 1702 111

218 1753 257 1791 p.
287 1736 382 1776 624,
455 1735 495 1774 Is
533 1734 816 1774 Phormionem
857 1734 1131 1774 Crotoniatam
1173 1734 1296 1773 tradit
1334 1733 1374 1773 in
1415 1733 1571 1785 praelio
1612 1732 1663 1771 ad

218 1808 385 1848 fiuvium
417 1805 584 1857 Sagram
614 1803 791 1855 graviter
826 1804 1083 1843 =vulneratum
1122 1803 1273 1844 oraculi
1309 1803 1422 1842 iussu
1457 1801 1662 1841 Lacedae-

216 1889 378 1919 monem
408 1887 454 1915 se
485 1874 706 1914 contulisse
734 1873 872 1923 ibique
902 1874 951 1911 ab
976 1873 1236 1912 adolescente
1252 1873 1438 1924 quodam,
1469 1872 1538 1922 qui
1568 1882 1661 1911 eum

216 1948 267 1989 ad
296 1957 463 1987 coenam
493 1943 717 1991 invitasset,
746 1942 940 1994 inspersis
971 1942 1128 1982 vulneri
1152 1942 1293 1981 hastae
1321 1941 1515 1981 ramentis
1544 1953 1660 1980 saua-

214 2023 302 2059 tum
341 2027 445 2055 esse,
514 2013 614 2051 Post
649 2024 817 2051 coenam
847 2023 970 2063 quum
1001 2023 1162 2051 currum
1192 2013 1269 2051 sibi
1299 2011 1573 2051 conscendere
1602 2010 1662 2049 vi-

215 2088 406 2132 deretur,
437 2082 569 2122 subito
600 2082 820 2120 Crotonem
851 2081 1088 2119 translatum
1118 2093 1282 2120 suarum
1312 2081 1472 2119 aedium
1501 2080 1661 2119 ianuam

214 2152 547 2210 apprehendisse.
615 2151 802 2191 Eundem
840 2149 1170 2188 Theoxeniorum
1205 2150 1356 2190 festum
1385 2150 1667 2190 celebrantem

215 2223 458 2268 aDioscuris
489 2222 539 2260 ad
553 2221 728 2268 Battum,
746 2220 996 2270 Cyrenarum
1015 2231 1168 2270 regem,
1199 2223 1408 2258 evocatum
1438 2220 1661 2259 surrexisse

216 2297 268 2336 de
297 2292 472 2333 triclinio
503 2289 638 2343 silphii
669 2290 825 2328 caulem
855 2289 1039 2328 manibus
1066 2279 1308 2341 *gestantem
1338 2288 1400 2340 ¹ff)
1439 2290 1555 2330 Haec
1582 2289 1658 2342 igi-

306 2478 337 2519 ‘)
362 2477 488 2510 Mirum
512 2478 565 2509 est
588 2476 748 2520 Spartam
775 2473 970 2507 nominasse
1001 2473 1225 2517 scriptorem,
1248 2473 1344 2507 cuius
1368 2475 1443 2507 loco
1466 2483 1566 2506 nemo
1590 2483 1659 2506 non

213 2535 365 2571 Athenas
391 2534 574 2570 memorari
597 2533 840 2578 expectaverit.
886 2533 1047 2575 Neglexit
1069 2533 1257 2567 Clementis
1281 2535 1410 2575 locum,
1435 2532 1470 2566 ni
1493 2530 1657 2566 memoria

213 2595 312 2637 fallit,
332 2594 552 2629 Heinrichius
574 2594 609 2628 in
633 2593 920 2628 commentatione
943 2594 986 2626 de
1010 2592 1226 2637 Epimenide.

303 2667 354 2709 “)
375 2667 427 2701 De
451 2668 574 2712 silphio
602 2668 784 2702 Castorum
809 2667 952 2710 Cyrenis
984 2668 1152 2700 cultorum
1183 2665 1312 2708 insigni
1333 2675 1400 2698 non
1425 2674 1468 2697 ex
1489 2663 1555 2698 hoc
1578 2666 1659 2698 tan-

215 2731 287 2762 tum
323 2730 359 2762 et
389 2727 577 2762 Pausaniae
609 2729 684 2762 loco
718 2731 871 2770 constat,
904 2727 964 2762 sed
1004 2725 1107 2761 etiam
1137 2737 1180 2760 ex
1215 2725 1326 2759 nnmis
1356 2723 1574 2766 Cyrenaicis,
1619 2725 1655 2757 in
