1716 3164
200 170 284 210 ⁰78
786 168 1060 210 PLATONIS

200 278 318 319 ἐστιν
345 278 415 318 ἐπὶ
445 274 602 317 τούτου
632 275 739 330 παρ’
768 273 915 325 αὐτοῖς
945 279 1062 329 (fort.
1093 276 1339 331 Ἀττικοῖς).
1374 281 1526 324 Eadem
1557 286 1648 324 Sui·
1714 276 1716 279 ’

203 351 275 389 das
305 363 337 390 s.
368 363 404 390 v.
442 344 681 399 παρουσία,
719 349 786 387 ubi
824 362 900 400 pro
936 343 1085 387 Φάωνι
1120 350 1270 400 legitur
1304 350 1501 391 Φαίδωνι
1574 354 1649 398 Cfr
1712 356 1716 361 ’

201 419 541 470 wyttenbachius
578 419 627 457 ad
667 418 848 457 Platonis
892 418 1044 458 Phaed.
1078 432 1119 471 p.
1149 420 1232 458 265
1275 428 1318 460 et
1356 423 1560 467 Pon-sonus
1599 424 1648 463 ad
1713 466 1716 471 ,

205 488 415 540 Euripidis
446 487 635 527 Medeam
669 501 726 527 vs.
762 489 840 526 139
871 501 937 527 no.
971 488 1060 527 XII.
1114 497 1119 499 “

883 598 972 639 Vll.

315 686 583 737 Harpocratio
614 700 653 739 p.
688 688 739 727 17
771 689 843 727 16:
881 682 1259 726 Ἀναίνεσθαι
1296 686 1447 735 κοινῶς
1482 689 1562 741 μὲν
1600 686 1650 728 τὸ

201 749 438 806 ἀρνεῖσθαι
493 749 611 802 ἰδίως
649 754 692 794 δὲ
730 754 799 794 ἐπὶ
844 754 929 795 τῶν
969 752 1087 794 κατὰ
1132 753 1230 803 τοὺς
1278 752 1440 808 γάμους
1479 757 1554 796 καὶ
1598 754 1652 796 τὰ

202 818 445 878 ἀφροδίσια
474 823 638 877 λέγεται
670 852 722 857 —
757 820 944 863 Πλάτων
963 819 1124 874 Φάωνι,
1144 823 1400 878 ΆΙένανδρος
1416 823 1649 882 Σικυωνίῳ.

873 937 986 978 Vm.

317 1019 611 1058 Grammaticus
640 1020 817 1059 Bekkeri
847 1020 998 1060 Anecd.
1031 1033 1068 1071 p.
1100 1019 1196 1059 459.
1242 1013 1336 1057 'At
1349 1032 1371 1066 η
1385 1012 1440 1072 ρό
1454 1030 1476 1055 τ
1488 1031 1516 1055 α
1532 1029 1556 1056 τ
1568 1029 1591 1056 ο
1605 1029 1651 1058 νε

203 1085 351 1140 Σφηξὶ
391 1089 527 1138 (1339
541 1089 574 1138 ),
617 1085 805 1127 Πλάτων
836 1086 860 1127 δ
874 1083 885 1097 '
918 1087 963 1127 ἐν
997 1083 1149 1127 Φάωνι
1186 1083 1214 1126 ἀ
1226 1100 1248 1126 τ
1262 1101 1285 1136 η
1296 1085 1384 1141 ρία
1396 1101 1432 1134 ς.
1495 1087 1652 1127 Eadem

206 1157 352 1197 Suidas
385 1172 419 1198 v.
450 1153 732 1212 ἀτηρότατον.
903 1213 955 1252 IX

319 1295 574 1347 Phrynichus
615 1298 763 1349 Appnr.
805 1296 930 1348 Soph.
970 1309 1010 1347 p.
1041 1295 1095 1334 23
1133 1294 1197 1334 12.
1251 1282 1654 1335 Ἀκταιναΐσαιέ

205 1360 408 1414 σημαίνει
451 1366 530 1416 μὲν
572 1363 621 1404 τὸ
665 1362 843 1416 ὑψῶσαι
887 1364 961 1402 καὶ
999 1361 1156 1416 ἐπᾶραι
1191 1361 1264 1401 καὶ
1303 1359 1560 1416 μετεωρίσαι
1603 1387 1650 1393 -

204 1427 425 1486 Αἰσχύλος
458 1429 637 1473 οὐκέτ’
666 1430 905 1473 ἁκταίνω
936 1430 1058 1487 φησί,
1090 1427 1360 1486 βαρυτόνως,
1390 1424 1484 1472 οἷον
1513 1427 1655 1471 οὐκέτ’

204 1498 374 1554 ὀρθοῦν
405 1499 597 1556 δύναμαι
625 1499 829 1556 ἐμαυτήν.
874 1498 1062 1542 Πλάτων
1090 1500 1135 1540 ἐν
1164 1499 1221 1556 τῷ
1256 1500 1456 1542 Φαίδωνι
1481 1497 1539 1549 ὠς
1568 1493 1654 1540 ἀπὸ

206 1572 545 1625 περισπωμένου.
604 1574 841 1626 Legendum
880 1573 1041 1613 videtur
1076 1568 1246 1619 Φάωνι,
1286 1577 1330 1612 ut
1367 1573 1505 1613 monui
1533 1571 1654 1613 Curis

207 1642 296 1682 crit.
327 1656 367 1695 p.
398 1644 465 1683 40.
533 1644 726 1697 Aeschyli
758 1645 871 1683 locus
903 1648 964 1682 est
996 1644 1167 1683 Eumen.
1197 1643 1265 1681 36.

895 1727 946 1766 Χ.

319 1807 545 1849 Scholiasta
575 1810 856 1862 Aristophanis
880 1810 985 1849 Plut.
1003 1809 1106 1848 179³
1136 1803 1336 1862 ἐμφαίνει
1365 1804 1410 1846 δὲ
1439 1805 1513 1847 καὶ
1530 1800 1653 1844 Πλά-

206 1887 294 1914 των
322 1875 368 1915 ἐν
397 1876 454 1933 τῷ
487 1875 668 1933 Φαίδρῳ
698 1881 798 1931 (leg.
835 1874 1006 1929 Φάωνι)
1035 1872 1380 1932 ἑπτακαιδεκάτῳ
1408 1872 1492 1915 ἔτει
1530 1868 1654 1914 ὕστε-

210 1957 288 1999 ρον
328 1944 587 1998 διδαχθέντι
623 1946 694 1987 ἐπὶ
731 1946 975 1997 Διοκλέους,
1017 1941 1074 1993 ὠς
1110 1944 1260 1998 μηκέτι
1296 1941 1430 1994 αὐτῆς
1462 1946 1652 1996 (Laidos)

209 2010 351 2065 οὔσης.
411 2018 460 2058 V.
493 2018 598 2058 Hist.
630 2018 717 2057 crit.
747 2032 786 2070 p.
820 2019 912 2058 187.

819 2127 890 2167 xl.
957 2127 1047 2166 XII.

320 2211 590 2251 Antiatticista
620 2224 659 2263 p.
691 2211 745 2249 93
774 2210 841 2250 30.
887 2205 1261 2262 Ἐπιτροπεῖνε
1305 2205 1403 2248 ἀντὶ
1440 2204 1517 2247 τοῦ
1557 2205 1653 2246 ἐπι-

209 2276 444 2332 τροπεύιιν.
484 2277 675 2319 Πλάτων
710 2276 903 2334 Φαίδρῳ.
963 2280 1258 2319 Grammaticus
1288 2279 1470 2319 Grameri
1499 2277 1652 2318 Anecd.

211 2349 263 2389 lv
296 2364 333 2401 p.
366 2351 468 2390 310:
497 2348 713 2402 μέμνηται
745 2347 820 2386 τοῦ
848 2344 1064 2400 ὀνόματος
1093 2345 1528 2402 (γραμματικὸς)
1560 2344 1654 2386 Μέ-

210 2419 394 2470 νανδρος
423 2418 468 2457 ἐν
497 2417 802 2470 Πωλουμένοις
831 2417 906 2456 καὶ
934 2412 1127 2455 Πλάτων
1155 2402 1199 2456 ἐν
1233 2414 1399 2471 Φοίβῳ.
1468 2419 1653 2467 Utroque

209 2488 299 2527 loco
332 2490 504 2529 sortasse
540 2485 690 2528 Φάωνι
722 2487 952 2539 legendum.
1012 2485 1059 2526 V.
1093 2487 1200 2526 Hist.
1229 2488 1318 2526 crit.
1346 2500 1386 2538 p.
1417 2486 1496 2524 187
1527 2497 1586 2535 sq.

321 2560 380 2598 Dc
411 2560 488 2598 alio
519 2559 761 2611 fragmento,
792 2556 899 2607 quod
930 2558 971 2594 et
999 2555 1132 2606 ipsum
1163 2555 1337 2605 fortasse.
1367 2554 1418 2598 ad
1443 2553 1651 2602 Phaonem

211 2628 473 2674 referendum
505 2634 578 2677 est,
609 2628 701 2667 vide
732 2626 814 2666 inc.
848 2625 928 2664 fab.
963 2624 1031 2665 lv.
