1716 3164
207 192 317 233 1156
722 189 1130 231 ARISTOPHANIS

205 298 283 343 τὸν
313 298 584 355 ἑκατέρωθεν
611 299 691 354 μὲν
721 298 958 352 τέμνοντα,
999 297 1238 355 περιδέξιον
1266 299 1311 341 δὲ
1340 300 1417 342 τὸν
1457 298 1669 360 Ἀστερο-

206 370 338 411 παῖον
369 364 572 424 ’Όμηρος
609 366 685 408 τὸν
715 365 982 424 ἀμφοτέραις
1011 369 1106 417 ταῖς
1131 369 1282 425 χερσὶν
1311 367 1470 424 ὁμοίως
1492 370 1666 428 χριόμε-

203 452 293 490 νον,
323 435 380 487 ὥς
410 434 448 479 εἰ
476 439 548 478 καὶ
580 434 944 493 άμφοτεροδέξιον
974 432 1146 493 εἰρήκει.
1213 436 1323 478 κατὰ
1352 439 1397 480 δὲ
1426 439 1502 482 τὸν
1531 440 1667 483 αὐτὸν

202 505 365 564 τρόπον
406 504 829 562 ά-μφαρίστερον
863 503 1197 562 Ἀριστοφάνης
1235 498 1351 548 εἶπεν
1387 508 1432 549 ἒν
1477 511 1664 563 Ταγηνι-

204 579 330 626 σταῖς
369 574 613 632 ἄνθρωπον
659 574 983 632 ἀμφοτέρωθεν
1027 573 1268 631 ἀριστερόν.
1335 580 1453 620 Adde
1490 581 1662 635 Phryni-

203 650 325 690 chum
355 649 395 689 in
427 649 606 688 Bekkeri
637 648 790 689 Anecd.
823 648 840 687 1
873 661 912 699 p.
943 648 996 686 31
1029 649 1104 686 10:
1128 642 1507 703 Ἀμφαρίστερος·
1538 649 1660 690 ἐναν-

202 713 298 758 τίον
329 715 456 757 τοῦτο
488 715 547 774 τῷ
576 714 831 771 περιδέξιος·
864 712 1108 755 σκωπτικὸν
1137 713 1253 757 πάνυ
1281 715 1330 758 τὸ
1360 714 1515 772 ὄνομα.

748 827 900 869 XXVI.
957 827 1128 869 XXVII.

311 912 459 953 Pollux
489 911 526 951 X
555 911 634 951 47:
674 906 900 964 Βάθρα,
942 905 1273 963 βαθράδια,
1303 906 1361 959 ὠς
1389 910 1435 950 ἐν
1471 912 1661 967 Ταγηνι-

203 980 338 1029 σταῖς.
400 983 635 1032 Utrumque
664 981 825 1021 videtur
853 981 1149 1034 Aristophanes
1179 981 1338 1022 dixisse.

836 1078 1031 1120 XXVIII.

310 1159 538 1201 Scholiasta
567 1160 752 1200 Platonis
780 1174 821 1213 p.
852 1162 934 1200 368
965 1161 1030 1200 ed.
1061 1161 1244 1200 Bekker:
1273 1155 1373 1206 Διὸς
1407 1154 1659 1213 Κόρινθος·

199 1227 273 1269 ἐπὶ
302 1227 389 1268 τῶν
417 1223 531 1280 ἄγαν
558 1230 639 1282 μὲν
668 1224 1127 1283 ὑπερσεμνυνομένων,
1163 1226 1302 1275 κακῶς
1337 1226 1382 1267 δὲ
1418 1228 1491 1268 καὶ
1522 1241 1659 1278 πονη-

198 1295 281 1353 ρῶς
315 1294 685 1337 άπαλλαττόντων
726 1323 782 1331 --
820 1297 1038 1353 μέμνηται
1069 1296 1114 1338 δὲ
1140 1293 1298 1347 ταύτης
1333 1293 1660 1356 Ἀριστοφάνης

199 1366 247 1407 ἐν
273 1367 364 1415 τοῖς
392 1363 641 1422 Βατράχοις
671 1395 727 1402 -
756 1368 831 1408 καὶ
860 1367 907 1409 ἐν
935 1369 1024 1417 τοῖς
1058 1366 1362 1420 Ταγηνισταῖς.

852 1479 1005 1521 XXIX.

309 1562 604 1603 Grammaticus
643 1563 685 1602 in
725 1563 910 1603 Gramen-i
948 1561 1102 1603 Anecd.
1134 1562 1152 1601 I
1187 1575 1227 1614 p.
1258 1561 1341 1601 223
1371 1561 1440 1601 19:
1485 1554 1653 1607 Δόκος

197 1626 279 1684 γάρ
310 1627 416 1683 πρὸς
446 1627 787 1680 άντιδιαστολὴν
811 1629 890 1671 τοῦ
918 1627 1046 1677 δοκὸς
1075 1625 1283 1680 ὀξυτόνου
1312 1626 1391 1668 τοῦ
1418 1624 1654 1681 σημαίνον-

197 1713 270 1747 τος
310 1697 389 1749 τὴν
430 1696 622 1750 δόκησιν.
681 1700 756 1740 καὶ
794 1697 918 1755 παρὰ
945 1694 1262 1754 Ἀριστοφάνει
1287 1697 1333 1738 ἐν
1367 1697 1657 1750 Ταγηνισταῖς

198 1766 401 1822 σημαίνει
429 1766 512 1819 τὴν
541 1764 744 1823 ἀγχόνην.
1507 1779 1510 1782 ’

723 1854 840 1894 XXX
869 1878 922 1886 —-
951 1852 1124 1893 XXXII.

310 1938 455 1978 Pollux
484 1937 523 1978 X
553 1938 661 1978 101:
705 1935 798 1976 Καὶ
826 1932 916 1989 μὴν
943 1931 1131 1988 ἐσχάραν
1159 1932 1295 1982 εἴποις
1323 1930 1380 1974 ἂν
1406 1931 1455 1974 τὸ
1484 1930 1655 1988 άνθρά-
1710 1964 1716 1972 ,

195 2017 290 2044 mov
327 2004 458 2044 τοῦτο
503 2005 577 2045 καὶ
615 2002 842 2059 ἐσχάριον,
885 2000 1239 2059 Ἀριστοφάνους
1274 2003 1321 2044 ἐν
1364 2003 1655 2056 Ταγηνισταῖς

196 2067 392 2121 εἰπόντος
426 2071 682 2127 ἐσχάρια,
718 2071 793 2113 καί
821 2087 907 2113 που
934 2074 1009 2114 καὶ
1037 2071 1260 2127 ἐσχαρίδα.
1316 2099 1370 2106 —
1430 2074 1542 2113 Idem
1572 2073 1652 2115 VII

198 2145 300 2200 149:
346 2139 408 2182 Τὸ
446 2140 492 2181 δὲ
529 2139 756 2197 εὐκαρπεῖν
794 2141 840 2182 ἐν
875 2143 1166 2195 Ταγηνισταῖς
1204 2139 1509 2197 καρπεύειν.
1549 2145 1651 2184 Ἀιιῐ

195 2213 458 2253 scribendum
500 2210 588 2251 καὶ
623 2209 929 2266 καρπεύειν,
981 2218 1027 2254 ut
1066 2218 1284 2265 utrumque
1319 2214 1361 2252 in
1399 2213 1476 2252 hac
1514 2212 1652 2252 fabula

196 2283 455 2334 usurpaverit
485 2282 688 2339 conflens,
732 2287 800 2322 aut
828 2284 950 2335 plane
979 2283 1222 2330 delendum,
1251 2281 1360 2333 quod
1388 2281 1650 2334 probabilius,

197 2363 289 2392 cum
319 2363 443 2403 supra
471 2352 550 2391 iam
581 2364 630 2395 ex
659 2351 874 2404 Hyperide
904 2353 1086 2392 attulerit
1115 2349 1275 2392 Pollux.
1328 2376 1382 2383 —
1397 2351 1541 2390 Idem
1570 2350 1649 2392 VII

197 2421 302 2461 168.
332 2419 426 2459 Καὶ
455 2418 809 2482 παραλοῦται
839 2417 891 2460 δ’
918 2415 1249 2475 Ἀριστοφάνης
1278 2418 1325 2460 ἐν
1343 2418 1654 2498 Ταγηνισταῖς.

194 2490 262 2531 Sic
288 2480 404 2531 recte
433 2491 675 2540 Branchus,
706 2492 828 2544 vulgo
854 2486 1160 2543 Αγωνισταῖς.

824 2575 1018 2616 XXXIII.

303 2655 533 2698 Scholiasta
564 2657 746 2698 Platonis
775 2671 815 2711 p.
844 2658 951 2699 383:
986 2653 1248 2711 Ἐκιρνιὸντο
1286 2652 1332 2694 ἐν
1366 2651 1644 2701 ταῖςισυνου-

191 2717 308 2771 σίαις
331 2722 538 2779 κρατῆρες
567 2729 698 2780 τρεῖς,
737 2724 811 2767 καὶ
849 2724 927 2767 τὸν
964 2727 1046 2782 μὲν
1075 2724 1246 2781 πρῶτον
1272 2720 1374 2771 Διὸς
1399 2717 1643 2777 Ὀλυμπίου
