1716 3164
577 168 674 212 AN
671 166 765 210 ΑΓ
772 163 943 210 ΥΡΟΣ.
1420 173 1505 216 961

716 284 749 325 1.
809 283 863 325 11.

225 367 306 421 Μὴ
335 364 456 412 κλᾶ’.
514 364 594 423 ἐγώ
626 382 699 411 σοι
728 365 1008 421 ,Βουκέφαλον
1034 362 1281 423 ὠνήσομαι.

859 433 980 492 Ψῆκ’
1009 433 1152 493 ἡρέμα

225 510 302 552 τὸν
331 509 607 567 ,Βουκέφαλον
636 509 712 550 καὶ
740 507 1011 552 κοππατίαν.

141 598 324 651 Etymol.
353 598 414 639 M.
453 611 495 651 p.
525 597 608 637 2⁰7
630 594 686 636 53
729 598 773 636 et
802 595 980 635 Gudian.
1017 609 1057 649 p.
1092 596 1176 636 113
1206 595 1284 636 47:
1314 586 1422 635 “On
1461 592 1509 635 δὲ

29 665 116 708 τῶν
151 664 427 709 Θετταλικῶν
462 659 612 706 ἵππων
652 665 767 713 τινὲς
805 662 1041 706 ἐκαλοῦντο
1071 663 1343 722 βουκὲφαλοι
1382 663 1516 716 δηλοῖ

27 733 357 794 Ἀριστοφάνης
384 736 431 778 ἐν
455 732 690 793 Ἀναγύρῳ
716 732 798 787 Μὴ
828 731 975 776 κλαῖ’·
1005 734 1085 789 ἐγώ
1117 736 1208 780 κτλ.
1267 735 1343 777 καὶ
1374 733 1510 776 πάλιν

31 806 163 864 ψήχει
190 805 329 865 ἠρέμα
357 807 450 852 κτλ.
509 806 630 848 Κλᾶε
661 808 902 850 Dindorfius
931 809 1119 862 scripsit,
1151 822 1230 864 ego
1259 803 1400 862 «βῆχ’,
1428 808 1511 850 nisi

33 881 143 924 forte
180 881 296 922 malis
336 873 495 933 ψήχειν
532 875 583 919 δ’
615 874 760 934 ἠρέμα
797 876 877 919 τὸν
906 878 1185 934 βουκέᾳαλον
1219 877 1295 919 καὶ
1336 891 1511 919 κοππα-

32 949 158 1002 τίαν,
202 955 251 993 ut
282 950 363 992 sint
392 952 627 1006 anapaesti:
669 956 733 992 est
770 955 910 992 autem
939 952 1046 991 alter
1075 952 1194 992 locus
1223 964 1274 992 ex
1304 964 1354 992 ea
1384 963 1512 993 scena

33 1023 202 1079 petitus,
232 1020 304 1063 ubi
332 1023 442 1064 filius
471 1023 557 1064 voti
584 1034 754 1076 compos
785 1034 949 1063 servum
979 1034 1108 1075 equos
1138 1033 1286 1063 curare
1314 1022 1446 1064 iubet.

729 1106 805 1147 111.

115 1174 183 1218 A.
222 1171 311 1224 ’.Ως
340 1169 386 1215 δ’
419 1171 665 1231 ὀρθοπλήξ.
727 1173 785 1218 Β.
815 1173 980 1230 πέφυκε
1009 1173 1093 1232 γάρ
1123 1172 1433 1232 δυσγάργαλις.

145 1267 323 1308 Pholius
353 1279 395 1320 p.
423 1267 508 1308 346
537 1268 592 1308 16
630 1271 672 1309 et
701 1267 852 1310 Suidas
881 1282 922 1310 v.
952 1262 1210 1322 ὀρθοπλήξ·
1243 1262 1515 1324 Ὀρθοπλὴξ

30 1331 189 1386 ἵππος·
232 1332 377 1391 ὀρθὸς
426 1332 716 1393 ἐπαιρόμενος
757 1338 836 1379 καὶ
877 1333 1103 1389 πλήσσων.
1181 1332 1516 1396 Ἀριστοφάνης

30 1401 268 1464 Ἀναγύρῳ
295 1402 383 1455 Ὠς
411 1403 461 1447 δ’
488 1406 582 1450 κτλ.
651 1410 842 1464 Respicit
869 1410 954 1452 huc
985 1410 1251 1464 Phrynichus
1280 1410 1463 1452 Bekkeri
1494 1409 1515 1451 1

30 1493 75 1535 p.
103 1481 159 1521 37
190 1481 240 1521 1:
269 1473 579 1534 Δυσγάργαλος
607 1471 757 1528 ἵππος.
815 1477 888 1520 ἐπὶ
919 1477 1006 1520 τῶν
1033 1475 1271 1534 ψήχεσθαι
1301 1478 1510 1522 ὗυσανα·

33 1543 306 1605 σχετούντων
333 1545 528 1592 τίθεται.

734 1608 808 1651 IV.

146 1677 295 1718 Pollux
321 1675 362 1717 X
382 1675 468 1735 *552
514 1672 608 1726 Τὴν
647 1674 694 1717 δὲ
733 1672 996 1731 ψήκτραν
1026 1703 1080 1711 —
1105 1672 1443 1733 Ἀριστοφάνης
1465 1675 1516 1717 ἐν

33 1741 270 1802 Ἀναγύρῳ
308 1736 441 1789 εἶπεν.
511 1742 690 1803 ψήκτρα
727 1748 830 1789 dixit
869 1749 994 1790 etiam
1024 1749 1257 1803 Sophocles
1295 1749 1396 1791 ibid.
1434 1747 1515 1791 cfr.

38 1818 302 1873 Phrynichus
340 1818 520 1860 Bekkeri
551 1819 569 1860 1
600 1833 644 1874 p.
674 1820 731 1860 73
763 1818 830 1860 15.

740 1905 791 1947 V.

147 1973 296 2014 Pollux
326 1973 365 2014 X
392 1973 472 2014 742
501 1972 599 2014 Καὶ
627 1970 706 2015 τὸν
737 1973 940 2027 πνιγέα
969 1971 1043 2014 ἐπὶ
1070 1968 1213 2016 ἵππου
1238 1969 1521 2031 Ἀριστοφά-

37 2054 115 2094 νης
151 2040 198 2083 ἐν
231 2037 469 2100 Ἀναγύρῳ
507 2041 634 2097 λέγει.
693 2046 935 2088 Dindorfins
971 2045 1056 2087 huc
1092 2046 1227 2088 refert
1265 2046 1520 2088 versiculum

39 2113 81 2156 in
109 2114 290 2168 Etymol.
320 2115 382 2156 M.
410 2129 453 2169 p.
482 2117 567 2157 677
596 2117 653 2157 40
682 2117 836 2159 omisso
867 2122 1017 2171 poetae
1046 2118 1214 2159 nomine
1243 2117 1518 2171 adscriptum:

39 2178 443 2242 Περίθεςσεαυτῷ
476 2182 555 2226 τὸν
583 2185 753 2240 πνιγέα.
812 2193 854 2229 nt
894 2188 974 2229 iste
1010 2193 1159 2242 poeta,
1196 2188 1385 2242 quisquis
1423 2187 1521 2238 fuit,

39 2268 123 2298 non
153 2256 206 2297 de
235 2268 346 2308 equo
375 2256 548 2308 dixerat,
577 2258 655 2299 scd
686 2259 739 2299 ad
768 2259 981 2301 hominem
1011 2259 1237 2301 transtulit.

735 2342 806 2382 VI.

157 2407 304 2448 Pollux
333 2407 372 2448 X
400 2407 479 2448 56:
518 2403 734 2462 Στόμια
773 2407 820 2449 δὲ
857 2406 1148 2465 πριονωτά
1185 2406 1271 2466 ἔφη
1301 2407 1349 2450 ἐν
1371 2404 1522 2451 Ἀνα-

43 2469 166 2532 γύρῳ
190 2470 539 2533 Ἀριστοφάνης.
735 2536 813 2578 vn

353 2613 479 2672 Πρὸς
506 2615 646 2670 θέὦν,
671 2616 836 2676 ἔραμαι
865 2620 1043 2673 τέττιγα
1075 2620 1236 2675 φαγεῖν
1277 2644 1282 2646 ἡ

354 2687 431 2728 καὶ
457 2684 682 2744 κερκώπην
712 2689 1027 2747 θηρευσαμένη

351 2754 537 2816 καλάμῳ
565 2758 719 2818 λεπτῷ.

109 2834 277 2873 comoed.
309 2842 382 2873 snt.
1196 2829 1252 2870 ⁶1
