1716 3164
182 185 293 228 1⁰48
706 181 1114 233 AuisTommNis

183 309 303 351 quam
332 293 490 334 dederit
521 293 730 333 Petosiris.
785 291 904 333 Adde
923 273 1108 331 ‘Plinium
1140 290 1194 331 n.
1226 291 1275 333 N.
1304 292 1382 336 vu
1412 293 1481 333 49.
1534 291 1628 332 Sui-

185 367 257 406 das
286 378 323 405 v.
340 355 593 414 Πετόσιρις·
624 355 862 412 Αἰγύπτιος
892 354 1136 415 φιλόσοφος
1164 354 1366 413 (ἔγραψε)
1389 387 1445 395 -
1473 358 1517 400 ἐκ
1548 357 1634 398 τῶν

185 430 309 488 ἱερῶν
339 426 521 484 βιβλίων
547 424 949 484 ἀστρολογούμενα,
984 427 1058 467 καὶ
1095 426 1193 481 περὶ
1231 425 1317 467 τῶν
1353 424 1460 482 παρ’
1493 423 1634 481 Αἰγύ-

186 515 326 550 πτιοις
354 494 614 552 μυστηρίων.

888 575 938 614 11.

297 660 539 714 Apollonius
570 659 621 699 de
651 672 767 711 prou.
797 673 837 711 p.
867 660 972 699 341:
993 651 1153 697 ‘'Evena
1185 652 1353 706 γελοίου
1381 652 1407 706 ἡ
1436 654 1639 712 κωμῳδία

188 725 393 783 σχήματά
432 741 530 768 τινα
563 725 772 777 ἔπλασεν,
810 720 919 767 ὥστε
960 725 1012 766 οὐ
1047 722 1262 780 κριτήριον
1299 723 1373 774 τῆς
1408 723 1555 775 λέξεως
1590 723 1640 765 τὸ

188 794 432 853 αὑτότερος,
462 795 552 837 ἐπεὶ
576 796 650 835 καὶ
667 795 702 835 A
712 792 853 835 αναιό
868 809 1033 842 τατος
1062 790 1347 847 ὑπερτίθεται
1375 791 1494 847 παρὰ
1520 791 1643 848 Ἀρι-

194 863 429 923 στοφάνει,
467 864 553 904 τῶν
581 862 738 919 κυρίων
766 859 817 904 οὐ
847 862 1202 918 συγκρινομένων.
1260 865 1338 906 Vix
1375 865 1417 905 in
1457 865 1535 905 alia
1563 877 1642 916 qua

189 937 329 978 fabula
358 935 493 989 potuit
523 935 816 987 Aristophanes
844 935 925 974 hoc
950 935 1074 974 verbo
1103 935 1185 983 uti,
1214 935 1350 986 itaque
1378 933 1460 974 huc
1487 934 1641 975 rettuli.

885 1055 958 1095 111.

301 1142 529 1183 Scholiasta
560 1143 669 1183 Pluti
701 1155 736 1182 v.
767 1143 871 1182 210:
897 1137 1129 1194 Ὀξὺτερον
1158 1137 1237 1179 τοῦ
1264 1139 1488 1191 Λυγκέως·
1518 1141 1637 1193 Λυγ-

189 1204 303 1260 κεύς,
333 1207 398 1258 ὥς
426 1208 586 1258 αὐτὸς
614 1210 667 1249 ἐν
697 1208 936 1250 Δαναίσι
965 1206 1158 1263 φησίν,
1188 1205 1310 1256 υἱὸς
1340 1205 1643 1262 Αἰγύπτου.

189 1277 370 1333 ἐροῦμεν
412 1275 461 1318 δ’
494 1278 581 1319 ἐκεῖ
611 1276 665 1317 τὰ
705 1279 802 1333 περὶ
832 1275 992 1329 αὐτοῦ,
1029 1277 1122 1318 ἐπεὶ
1160 1275 1280 1317 δοκεῖ
1312 1275 1420 1333 παρ’
1448 1277 1646 1335 ἱστορίαν

190 1346 341 1401 λέγειν.
397 1349 515 1391 Adde
550 1349 739 1389 Suidam:
770 1346 970 1400 Λυγκέως
996 1344 1314 1400 ὀξυωπέστερον
1341 1346 1532 1399 βλέπεις·
1573 1341 1646 1390 οὗ·

190 1430 266 1466 τος
293 1416 456 1470 ἐγένετο
486 1413 676 1471 ἀδελφὸς
694 1412 825 1468 Ἴδα,
854 1414 911 1465 ὠς
941 1415 986 1456 δὲ
1020 1411 1427 1469 Ἀριστοφάνης
1462 1416 1517 1456 ἐν
1544 1418 1647 1458 Δα-

192 1484 331 1526 ναΐσ
344 1498 393 1527 ιν
422 1482 537 1533 υἱὸς
565 1479 875 1538 Αἰγύπτου,
934 1487 1138 1539 Lynceus,
1167 1487 1343 1539 Aegypti
1372 1487 1496 1537 filius,
1526 1501 1648 1540 quem

193 1557 370 1597 servavit
399 1556 748 1608 Hypermnestra,
784 1556 865 1596 vid.
903 1556 1056 1608 Hygin.
1087 1555 1255 1595 CLXX:
1294 1557 1649 1608 „Hypermnestra

193 1625 406 1678 Lynceum
435 1624 630 1673 servavit,
660 1625 729 1675 qui
759 1636 850 1664 cum
882 1625 1042 1664 Danaus
1070 1625 1245 1676 perisset
1273 1625 1510 1676 primusque
1540 1627 1647 1667 Abas

195 1695 236 1734 ei
266 1694 500 1736 nunciasset
529 1694 633 1733 etc.’'
691 1694 810 1734 Adde
837 1693 936 1733 ibid.
966 1693 1213 1734 CCLXXII!
1243 1693 1380 1745 p.319
1409 1695 1649 1747 scripserat-

196 1775 278 1816 que
299 1762 562 1804 Theodectes
587 1762 796 1815 Lynceum
823 1764 1087 1816 tragoediam,
1110 1762 1191 1802 vid.
1210 1763 1378 1802 Aristot.
1403 1762 1518 1804 Poet.
1542 1775 1577 1803 c.
1595 1764 1648 1803 11

198 1836 242 1872 et
270 1845 307 1873 c.
338 1832 405 1872 18.
474 1831 648 1884 Videtur
685 1837 822 1871 autem
852 1822 1146 1885 Aristophanes
1175 1831 1285 1871 hunc
1315 1831 1523 1883 Lynceum
1552 1845 1651 1872 ocu-

196 1901 332 1941 lorum
361 1901 450 1941 acie
478 1900 678 1953 insignem
708 1901 963 1951 exhibuisse,
992 1901 1036 1941 id
1063 1900 1174 1953 quod
1203 1900 1370 1952 proprie
1397 1901 1439 1941 in
1470 1902 1650 1955 Apharei

197 1970 330 2013 filium
359 1970 480 2020 cadit,
508 1971 647 2023 itaque
675 1970 916 2013 scholiasta:
946 1968 1064 2010 δοκεῖ
1089 1964 1194 2023 παρ’
1227 1966 1427 2022 ἱστορίαν
1454 1967 1606 2021 λέγειν.

882 2091 954 2132 lV.

451 2166 749 2223 stlapttfipouoea
775 2169 821 2210 δὲ
851 2167 991 2220 Ζηνὸς
1018 2166 1179 2225 ἑρκείου
1202 2164 1388 2225 χύτρας,

449 2248 564 2306 μεθ’
594 2244 656 2292 ὦν
686 2249 709 2292 ὁ
738 2251 885 2307 βωμὸς
914 2244 1040 2304 οὗτος
1070 2248 1237 2307 ἱδρύθη
1267 2251 1385 2294 ποτέ.

311 2365 540 2405 Scholiasta
571 2364 665 2405 Pac.
697 2377 735 2405 v.
760 2366 864 2404 922:
899 2359 1062 2404 ‘Onon
1091 2361 1288 2416 μέλλοιεν
1317 2359 1491 2415 βωμοὺς
1519 2362 1652 2404 καθι,

200 2427 346 2486 δρύειν
374 2428 402 2485 ἢ
431 2430 663 2487 ἀγάλματα
692 2432 826 2483 θεοῦ,
855 2430 1033 2485 ἕψοντες
1061 2429 1223 2487 ὄσπρια
1251 2427 1522 2485 ἀπήρχοντο,
1552 2428 1652 2474 τού-

201 2513 292 2549 τοις
312 2502 402 2550 τοῖς
429 2499 738 2556 ἀφιδρυμὲνοις
762 2498 1023 2556 χαριστήρια
1051 2501 1342 2555 ἀπονέμοντες
1379 2499 1454 2550 τῆς
1481 2497 1653 2554 πρώτης

203 2567 393 2622 διαίτης,
431 2568 488 2619 ὠς
516 2563 643 2621 οὗτος
669 2572 797 2623 (fort.
827 2568 987 2622 αὐτὸς)
1025 2561 1142 2611 εἶπεν
1170 2569 1216 2610 ἐν
1245 2568 1481 2611 Δαναΐσιν
1520 2568 1653 2623 Μαρ-

201 2635 388 2694 τύρομαι
429 2668 482 2674 —
521 2637 713 2694 ἱδρύνθη
751 2639 869 2683 ποτέ.
935 2641 1092 2682 Eadem
1130 2641 1261 2682 schol.
1298 2640 1407 2680 Plut.
1447 2652 1485 2679 v.
1526 2640 1653 2688 1199,

203 2710 274 2753 ubi
303 2723 340 2753 v.
370 2712 392 2753 1
435 2707 575 2766 ἑρκίου
613 2716 654 2752 et
684 2724 720 2753 v.
750 2711 778 2751 2
816 2705 923 2764 παρ’
957 2700 1041 2760 αἷς,
1071 2711 1146 2752 sed
1172 2713 1288 2751 recte
1317 2702 1483 2762 ἱδρύθη
1512 2707 1653 2749 scribi-
