1716 3164
618 158 664 201 A
670 156 894 204 TAAAN
895 155 987 207 ΤΗ
990 188 1001 199 .
1458 154 1546 201 765

67 295 133 330 τις
175 276 312 333 λέγων
354 272 496 317 ταῦτα
541 272 588 315 ἐν
626 268 886 329 Ἀταλάντῃ
925 269 1021 330 Καὶ
1058 267 1140 322 τὴν
1178 264 1410 329 Λαγίσκην
1446 266 1542 319 κτλ.

64 353 304 396 Athenaeus
326 349 430 390 X111
456 361 496 401 p.
527 347 676 388 59211·
705 338 960 399 “Ἐρμιππος
999 335 1306 397 προβαίνοντά
1347 353 1462 397 φησι
1489 337 1546 398 τῇ

15 449 16 452 =
65 419 215 478 ἡλικίᾳ
245 423 284 474 *)
321 417 401 460 τὸν
437 412 667 471 Ἰσοκράτη
707 412 951 466 ἀναλαβεῖν
978 409 1214 466 Λαγίσκαν
1253 409 1336 463 τήν
1363 406 1547 475 ἑταίραν

64 488 125 543 εἰς
151 491 232 544 τὴν
261 486 421 539 οἰκίαν,
451 487 496 540 ἐξ
529 502 581 538 ης
609 486 685 528 καὶ
714 484 929 540 γενέσθαι
961 479 1082 542 αὐτῷ
1110 479 1372 539 θυγάτριον.
1431 495 1546 538 μνη-

54 560 236 619 μονεύει
274 557 329 602 δ
363 556 500 611 αὐτῆς
528 553 744 614 Στράττις
784 555 831 597 ἐν
859 550 1034 604 τούτοις
1076 554 1171 595 Καὶ
1200 551 1283 605 τὴν
1308 550 1547 606 Λαγίσκαν

64 634 155 677 κτλ.
224 633 499 689 Harpocratio
530 644 571 684 p.
604 629 689 670 118
719 627 796 669 15:
837 622 1070 681 Λαγίσκας
1108 623 1187 677 τῆς
1225 622 1405 681 ἑταίρας
1432 638 1548 680 μνη-

65 701 240 760 μονεύει
267 704 343 746 καὶ
371 697 587 758 Στράττις
615 691 753 747 οὕτως
781 694 1018 750 Λαγίσκαν
1046 696 1136 740 κτλ.
1196 696 1377 748 Exhibui
1407 698 1547 740 locum

65 782 112 819 ut
139 777 291 831 legitur
319 775 410 816 fere
439 774 481 815 in
509 773 592 813 vita
626 771 840 822 Isocratis;
871 770 981 824 apud
1011 770 1276 812 Athenaeum
1309 773 1352 809 et
1382 769 1547 823 Harpo-

66 848 288 890 crationem
329 850 538 900 postrema
575 843 632 883 ita
672 841 825 894 scripta
862 845 980 882 suut:
1021 834 1131 880 ἰδεῖν
1169 853 1227 895 με
1267 834 1547 889 συκάζουσαν

10 961 13 972 2
65 913 246 957 εὐναίαν
274 911 361 965 ἔτι,
403 910 480 955 τόν
509 907 551 954 τ’
580 907 862 967 αὐλοτρύπην
891 907 1052 961 αὐτόν,
1083 913 1125 953 in
1174 925 1255 965 qua
1283 912 1466 953 lectione
1494 911 1548 954 ad

64 984 299 1038 Λαγίσκαν
340 981 525 1026 εὐναίαν
569 1000 650 1027 non
697 987 839 1039 inepte
886 984 1075 1037 Toupius
1120 983 1226 1024 Add.
1271 983 1324 1024 ad
1362 984 1546 1026 Theocr.

65 1073 107 1113 p.
137 1060 220 1100 410
251 1063 462 1112 comparat
490 1054 638 1110 λαγών
666 1051 843 1097 εὐναῖον
872 1055 1053 1109 leporem
1081 1056 1130 1095 in
1160 1053 1292 1096 cubili
1319 1056 1546 1098 iacentem.

10 1160 11 1163 η
65 1131 187 1184 Quod
217 1131 395 1184 probans
418 1129 843 1183 Schweighaeuserus
873 1120 1007 1175 εὐνὴν
1037 1126 1089 1167 de
1118 1127 1308 1179 lupanari
1337 1127 1547 1180 interpre-

66 1207 197 1251 tatur,
234 1202 275 1242 in
321 1214 401 1254 quo
434 1200 562 1241 fuerit
594 1200 766 1253 Lagisca
804 1202 1025 1251 autequam
1064 1199 1107 1238 in
1146 1198 1340 1239 Isocratis
1377 1198 1547 1240 domum

67 1277 177 1314 esset
206 1277 387 1325 recepta.
448 1273 536 1312 Nec
566 1272 686 1311 video
718 1270 902 1310 meliora.
957 1264 1246 1318 Συκάζουσαν
1274 1270 1387 1309 idem
1415 1269 1547 1310 inter-

9 1347 10 1350 ’
65 1348 252 1397 pretatur
281 1337 515 1390 κνίζουσαν
542 1338 765 1396 ἐρωτικῶς.
825 1341 1077 1393 Hesychius,
1107 1334 1340 1389 Συκάζεινε
1374 1335 1426 1379 τὸ
1455 1335 1548 1379 κνί-

67 1412 152 1463 ζειν
181 1411 227 1452 ἐν
255 1411 478 1466 ἐρωτικαῖς
508 1407 715 1462 ὁμιλίαις.
785 1411 860 1452 Cfr
899 1412 1078 1451 similem
1116 1424 1237 1451 usum
1268 1411 1384 1451 verbi
1414 1423 1549 1450 συκο-

67 1484 252 1540 ᾳαντεῐν
282 1484 391 1537 apud
422 1485 639 1524 Menandr.
667 1497 707 1535 p.
726 1482 824 1522 295.
885 1483 948 1522 Ea
980 1482 1325 1535 interpretatione
1356 1481 1548 1533 admissa,

67 1557 269 1610 particula
298 1567 365 1605 τε,
404 1567 525 1606 quam
552 1567 610 1594 vs.
642 1553 668 1592 3
700 1557 793 1606 post
825 1547 902 1591 τὸν
930 1553 1085 1593 habent
1102 1553 1343 1594 Athenaeus
1375 1559 1417 1593 et
1436 1555 1548 1595 Har-

7 1619 8 1627 *
68 1627 266 1681 pocratio,
297 1626 475 1666 fortasse
506 1625 683 1664 delenda
714 1629 800 1673 est,
831 1629 878 1664 ut
908 1625 1128 1665 accusativi
1158 1621 1235 1664 τὸν
1266 1616 1550 1679 αὐλοτρύπην

71 1693 210 1736 αὐτὸν
238 1698 447 1750 pendeant
477 1710 499 1736 a
529 1692 818 1745 συκάζουσαν.
889 1695 974 1736 Sed
1012 1695 1170 1736 incerta
1210 1701 1382 1749 vagatur
1419 1698 1548 1738 totius

6 1779 7 1782 ’
70 1769 150 1809 loci
178 1768 488 1820 interpretatio,
535 1767 780 1819 praesertim
821 1766 862 1807 in
894 1771 1006 1806 tanta
1036 1767 1266 1819 scripturae
1295 1767 1548 1809 diversitate.

68 1866 125 1872 -—
170 1840 240 1880 Vs.
271 1839 298 1877 3
342 1851 418 1891 pro
459 1822 739 1891 αὐλότρυπον
779 1851 830 1879 ex
869 1839 1086 1879 Athenaeo
1131 1843 1174 1878 et
1214 1839 1549 1891 Harpocratione

69 1910 216 1962 scripsi
246 1903 539 1961 αὐλοτρύπην.
600 1909 788 1961 Respicit
819 1910 869 1949 ad
901 1910 1012 1950 hunc
1041 1909 1179 1949 locum
1199 1909 1445 1950 Plutarchus
1476 1910 1548 1952 vit.

4 1975 6 2029 ᾗ
70 1981 215 2020 decem
247 1985 349 2019 orat.
380 1993 421 2031 p.
451 1980 536 2018 836
555 1992 599 2018 e:
631 1970 745 2018 ὅθιν
779 1979 857 2029 (sc.
889 1980 999 2032 quod
1031 1985 1150 2033 pater
1181 1980 1373 2021 Isocratis
1404 1981 1549 2022 Theo-

0 2039 1 2043 *
71 2052 197 2091 dorus
229 2051 339 2090 tibiis
372 2050 620 2090 fabricandis
651 2063 820 2103 operam
847 2052 1039 2103 dederat)
1070 2044 1129 2098 εἰς
1158 2048 1259 2098 τοὺς
1288 2047 1449 2099 αὐλούς
1477 2065 1550 2092 κε-

70 2116 331 2177 κωμῴδηται
360 2115 445 2160 ὑπὸ
472 2116 831 2175 Ἀριστοφάνους
860 2121 936 2161 καὶ
963 2117 1247 2176 Στράττιδος.
1295 2123 1444 2164 Pollux
1475 2124 1550 2175 lv,

0 2203 2 2213 ¹
73 2194 149 2233 71:
177 2191 252 2231 καὶ
282 2186 663 2246 αὑλοτρύπης,
693 2189 751 2240 ὠς
780 2188 806 2242 ἡ
837 2189 1061 2249 κωμῳδίᾳ.
1119 2194 1267 2234 Suidas
1298 2194 1360 2235 111
1393 2195 1549 2248 p.603.

73 2264 126 2304 de
163 2263 346 2303 Philisco
379 2264 568 2303 Milesio:
606 2262 773 2316 ἐγένετο
805 2262 850 2303 δὲ
877 2259 1092 2318 πρότερον
1121 2259 1314 2312 αὐλητὴς
1344 2262 1550 2317 παραδο-

74 2328 267 2382 ξότατος.
302 2328 371 2370 διὸ
400 2332 473 2370 καὶ
502 2330 782 2387 αὐλοτρύπην
810 2330 1064 2387 Ἰσοκράτης
1091 2330 1228 2372 αὐτὸν
1242 2328 1398 2376 ἐκάλει.
1431 2337 1548 2388 Quae

6 2408 18 2418 '
73 2404 163 2443 iure
194 2404 366 2443 miratur
396 2403 609 2444 Kusterus.
681 2405 941 2445 Obscaenum
978 2405 1038 2445 illi
1068 2405 1224 2446 nomini
1254 2406 1424 2447 subesse
1453 2420 1549 2450 seu-

165 2583 199 2629 *)
226 2587 441 2630 Προβαίνων
464 2590 506 2634 τῇ
531 2581 649 2630 ἡλικίᾳ
673 2588 852 2630 Isocrates,
877 2588 935 2633 qui
961 2589 1098 2632 Olymp.
1114 2588 1179 2622 CX
1203 2589 1225 2623 3
1249 2590 1441 2634 nonaginta
1466 2595 1546 2627 octo

75 2656 181 2679 annos
205 2650 306 2679 natus
330 2657 528 2691 supremum
552 2648 642 2682 diem
668 2648 764 2691 obiit,
790 2653 871 2682 ante
895 2649 1154 2691 sexagesimum
1180 2650 1302 2685 aetatis
1326 2661 1453 2686 annum
1477 2652 1547 2687 dici

77 2705 132 2740 vix
162 2706 292 2749 potuit,
330 2718 374 2740 ex
407 2720 476 2752 quo
503 2709 705 2752 intelligitur
729 2711 929 2744 Atalantam
964 2709 1114 2744 fabulam
1149 2721 1218 2745 non
1242 2715 1324 2747 ante
1348 2714 1488 2759 Olymp.
1514 2713 1546 2747 C

75 2765 290 2800 commissam
315 2778 403 2802 esse.
453 2769 517 2803 Csr
541 2769 633 2804 Hist.
661 2769 737 2806 crit.
765 2782 796 2814 p.
823 2770 904 2806 225.
