1716 3164
660 136 1048 184 cRo'roNlA'rA.
1482 140 1595 182 1233

105 257 148 301 itt
171 255 263 296 fine
291 252 346 294 de
378 249 644 292 Phormionis
683 251 927 293 evocatione
962 251 1014 292 ad
1052 252 1219 292 Battum
1255 263 1333 304 per
1362 251 1588 296 Dioscuros

106 326 327 373 adduntur,
356 317 469 362 ἀλλὰ
499 320 575 361 καὶ
609 318 815 372 Θεοξένια
845 317 987 362 αὐτοῦ
1012 316 1199 373 ἄγοντος
1229 326 1310 363 etc.
1340 327 1486 376 aperte
1514 325 1590 366 de-

103 399 347 444 monstrant,
378 393 656 448 praecessisse
685 393 853 445 aliquid,
883 395 925 434 in
956 404 1038 445 quo
1069 393 1298 434 eorundem
1319 394 1496 435 heroum
1527 396 1590 437 vis

103 473 147 508 et
176 471 362 520 potestas
388 464 651 506 manifestata
682 467 775 505 est?
834 464 1024 517 Denique
1053 477 1107 504 ne
1135 464 1239 504 illud
1270 463 1438 516 quidem
1470 468 1595 507 omit-

104 539 277 580 tendum
308 542 385 586 est,
414 537 471 576 ita
490 536 658 576 demum
689 536 837 588 perfici
869 540 912 575 et
930 536 1089 575 absolvi
1114 535 1425 578 similitudinem
1454 538 1597 579 Phor-

105 610 235 652 mioni
263 621 358 650 cum
376 606 559 659 Telephi
587 610 703 647 sorte
731 605 955 646 manifeste
983 605 1333 647 intercedentem.
1380 609 1598 662 Telephus

107 682 218 723 enim
249 682 300 721 ab
320 678 486 721 Achille
517 676 684 717 Peliaca
707 677 824 718 hasta
854 689 1078 731 percussus
1108 689 1202 717 cum
1235 677 1306 717 diu
1337 691 1388 719 ex
1418 693 1468 719 eo
1501 682 1595 721 vul-

106 766 210 795 nere
247 751 503 799 laborasset,
542 749 665 802 petiit
693 749 746 789 ab
776 749 972 801 Apolline
1003 749 1083 788 diri
1113 749 1321 789 cruciatus
1350 750 1599 792 remedium.

107 824 371 878 Responsum
412 825 478 862 est
514 820 726 861 neminem
769 821 809 861 ei
847 820 1008 862 mederi
1038 832 1164 874 posse
1202 819 1281 860 nisi
1313 822 1489 862 eandem
1520 821 1598 863 ha-

106 900 228 945 stam,
259 906 341 947 qua
370 891 613 933 vulneratus
644 895 754 943 erat3
785 896 829 932 et
859 897 1028 932 sanatus
1061 896 1126 932 est
1156 891 1208 931 ab
1239 891 1418 942 Achille,
1450 893 1600 935 eodem

105 978 276 1020 prorsus
307 964 447 1013 modo,
476 966 523 1004 ut
553 962 607 1004 de
638 962 896 1004 Phormione
928 963 1056 1004 tradit
1087 963 1406 1016 Theopompus,
1436 964 1600 1017 insper-

105 1037 162 1078 sis
189 1036 355 1077 vulneri
383 1035 530 1076 hastae
558 1047 666 1087 quae
696 1047 793 1076 eum
822 1040 1091 1089 percusserat
1121 1034 1344 1082 ramentis,
1375 1034 1602 1089 πριστοῖσι

104 1102 263 1160 λόγχης
302 1103 516 1158 θέλγεται
554 1100 821 1162 ῥινήμασιν,
862 1112 909 1149 ut
948 1111 1014 1148 est
1055 1107 1167 1160 apud
1208 1106 1457 1158 Euripidem
1497 1106 1600 1148 Plu-

106 1179 240 1220 tarchi
269 1178 322 1218 de
351 1178 479 1219 audit.
510 1191 552 1231 p.
583 1178 640 1219 46
658 1177 689 1218 f.
755 1179 831 1220 Cfr
866 1179 1107 1219 Boeckhius
1149 1177 1203 1218 ad
1242 1177 1412 1218 Pindari
1452 1178 1600 1220 Isthm.

107 1250 165 1293 lv
194 1263 236 1304 p.
266 1250 365 1291 518.
425 1250 565 1291 Unum
595 1250 707 1303 quod
739 1251 1038 1291 dubitationem
1067 1249 1209 1290 facere
1238 1249 1373 1302 possit
1402 1249 1485 1290 hoc
1515 1255 1598 1299 est,

107 1321 220 1374 quod
242 1321 341 1361 alias
361 1321 552 1361 Dioscuri
582 1334 665 1363 non
695 1322 848 1376 singuli
879 1327 922 1362 et
952 1321 1140 1370 seorsim,
1170 1320 1246 1362 sed
1275 1322 1397 1362 ambo
1427 1321 1601 1362 coniun-

106 1392 205 1432 ctim
233 1392 480 1432 mortalibus
510 1405 604 1432 sese
635 1393 952 1446 conspiciendos
982 1392 1197 1445 praebent.
1257 1391 1345 1432 Sed
1376 1397 1514 1432 tamen
1547 1405 1602 1432 ne

104 1461 209 1502 illud
240 1462 408 1514 quidem
439 1462 528 1503 sine
559 1465 760 1517 exemplis
789 1464 946 1513 fuisse,
989 1463 1142 1502 docent
1173 1461 1378 1512 Gallieni,
1410 1463 1602 1503 Postumi

107 1537 153 1573 et
181 1533 315 1574 Getae
344 1534 528 1583 nummi,
571 1548 747 1587 quorum
777 1537 819 1577 in
852 1548 996 1575 aversa
1025 1537 1144 1586 parte
1175 1532 1421 1575 adolescens
1452 1535 1600 1575 dextra

107 1616 259 1656 equum
297 1604 471 1645 habenis
511 1610 684 1656 teneus,
724 1608 891 1648 sinistra
930 1607 1091 1646 hastam
1121 1609 1292 1657 gestans
1329 1605 1601 1658 conspicitur,

110 1686 203 1715 cum
233 1675 462 1728 epigraphe
502 1689 674 1717 casa-oa.
746 1678 854 1720 vide
896 1681 1065 1731 praeter
1097 1675 1289 1715 Eckhelii
1321 1677 1451 1716 doctr.
1484 1688 1601 1715 num.

108 1745 474 1786 Hemsterhusium
504 1748 555 1787 ad
587 1748 744 1789 Polluc.
777 1749 819 1789 11
848 1763 889 1801 p.
922 1749 1049 1789 1027.
1108 1750 1169 1788 Ac
1199 1761 1252 1788 ne
1284 1751 1478 1801 poterant
1508 1745 1603 1798 qui-

110 1815 226 1866 dem,
266 1817 302 1856 si
345 1817 444 1869 quid
482 1818 630 1877 video,
668 1821 790 1860 ambo
830 1819 953 1861 simul
985 1819 1253 1872 Tyndaridae
1284 1818 1529 1858 Phormioni
1558 1817 1603 1857 in

110 1883 378 1940 conspectum
405 1901 451 1928 se
483 1888 597 1931 dare.
670 1891 775 1931 Nam
816 1903 943 1943 quum
975 1903 1058 1930 non
1089 1890 1234 1938 ambo,
1274 1890 1430 1942 quippe
1467 1889 1509 1928 in
1541 1888 1604 1928 di-

108 1958 238 1998 versis
278 1958 384 1998 aciei
414 1959 607 2000 cornibus
638 1961 904 2010 dimicantes,
949 1954 1284 2002 crotoniatarum
1324 1961 1473 2000 ducem
1513 1958 1604 1999 vul-

108 2040 282 2071 nerasse
323 2028 564 2080 videantur,
613 2038 938 2073 consentaneum
986 2037 1048 2072 est
1096 2031 1209 2072 hunc
1245 2032 1296 2072 ab
1337 2044 1387 2072 eo
1428 2035 1603 2077 tantum,

110 2099 180 2152 qui
210 2099 360 2140 vulnus
392 2100 431 2140 ei
460 2101 698 2153 inflixisset,
730 2108 770 2143 et
800 2103 987 2156 hospitio
1018 2110 1236 2156 exceptum
1269 2107 1312 2144 et
1341 2101 1504 2143 sanitati
1536 2112 1604 2139 re-

111 2169 307 2211 stitutum
340 2183 447 2212 esse.

183 2816 355 2852 Comoed.
379 2823 453 2853 ant.
1262 2811 1320 2852 78
