1716 3164
558 128 1009 174 AmsTOPHANES.
1439 129 1527 171 925

54 246 230 301 ἑαυτοῦ,
270 244 346 289 διὰ
374 246 458 302 μὲν
490 241 745 286 Φιλωνίδου
784 239 838 283 τὰ
879 235 1117 295 δημοτικά,
1160 236 1235 281 διὰ
1274 238 1322 281 δὲ
1351 239 1525 282 Καλλι-

53 318 242 377 στράτου
277 316 333 360 τά
377 311 591 358 ἵδιωτικά.
674 318 811 367 Atque
852 315 957 354 haec
1002 314 1169 367 quidem
1212 313 1379 355 omniuo
1416 327 1526 368 nego

48 394 240 450 ¹profecta
284 405 376 433 esse
419 391 470 431 ab
515 390 610 438 illo,
665 386 735 438 qui
765 385 1053 438 Aristophanis
1096 386 1222 426 vitam
1267 385 1526 439 conscripsit,

49 465 330 520 grammatico,
362 474 505 502 verum
534 464 580 499 ut
597 458 725 498 multa
756 456 834 496 alia
863 460 1023 496 temere
1039 460 1186 508 postea
1215 459 1311 497 sunt
1341 456 1525 498 adiecta:

49 537 175 577 foede
212 535 320 576 enim
356 537 468 572 totus
505 531 577 570 ille
616 527 780 568 libellus
822 530 885 566 est
921 527 1217 579 interpolatus,
1261 527 1372 579 quod
1417 527 1550 569 iufrav

49 607 239 661 pluribus
271 603 468 655 exemplis
496 600 722 640 illustravi:
763 602 888 649 atque
927 597 1131 637 inscitiam
1173 597 1352 637 hominis
1390 599 1527 651 arguit

51 679 119 719 vel
156 676 283 725 illud,
323 673 433 726 quod
464 671 741 712 Callistratum
772 670 872 710 dicit
909 668 1092 717 fabulas,
1131 681 1236 720 quae
1274 668 1318 707 in
1355 669 1526 720 privatis

53 747 288 789 hominibus
319 742 556 784 deridendis
586 745 827 790 versentur,
860 739 1125 780 Philonidcm
1155 739 1406 789 comoedias,
1435 741 1525 792 qui-

52 820 131 860 bus
170 817 385 858 universus
435 813 614 865 populus
653 811 920 851 Atheniensis
963 811 1163 859 rideatur,
1214 810 1430 860 docuisse,
1481 812 1525 851 id

54 889 163 942 quod
193 891 235 928 et
260 899 329 926 res
356 885 446 936 ipsa
465 887 507 922 et
530 882 703 922 aliorum
724 881 1087 934 grammaticorum
1117 882 1354 922 testimonia
1381 882 1530 923 redar-

52 962 205 1012 guunt:
234 969 315 996 non
349 954 484 994 minus
514 953 665 992 falsum
696 957 782 1002 est,
813 952 923 1004 quod
953 951 1051 991 dicit
1080 950 1211 992 fuisse
1240 953 1335 993 illos
1365 955 1525 995 Aristo-

50 1028 199 1081 phanis
229 1030 404 1074 actores‚
437 1036 682 1076 quamquam
712 1023 753 1062 id
783 1023 948 1075 quidem
980 1023 1105 1062 etiam
1134 1023 1204 1062 alii
1235 1023 1416 1073 tradunt,
1446 1025 1526 1065 ho·

49 1099 263 1150 minesque
292 1097 402 1136 docti
432 1095 524 1134 fere
555 1107 698 1134 omnes
729 1094 975 1133 existimant.
1045 1095 1100 1134 At
1136 1094 1222 1134 fide
1252 1107 1422 1147 prorsus
1461 1096 1525 1137 in-

10 1206 11 1209 ,
52 1170 165 1222 digni
204 1171 322 1216 sunt,
362 1167 431 1218 qui
465 1166 559 1204 illos
590 1165 810 1204 histriones
849 1162 980 1202 fuisse
1019 1163 1183 1204 dicunt:
1225 1169 1267 1205 et
1305 1166 1527 1208 scholiasta

51 1241 217 1293 quidem
257 1238 393 1278 Nubb.
434 1250 471 1275 v.
505 1236 603 1283 510,
642 1235 711 1287 qui
747 1240 906 1275 temere
943 1235 1080 1288 legem
1115 1235 1231 1275 illam
1268 1241 1527 1280 commentus

50 1315 135 1359 est,
175 1322 255 1361 qua
292 1307 540 1347 comicorum
573 1310 788 1358 poetarum
824 1311 937 1345 aetas
966 1306 1092 1346 certis
1128 1311 1395 1348 coerceretur
1431 1309 1526 1349 fini-

49 1382 147 1429 bus,
190 1380 248 1419 ita
290 1377 447 1431 pergit:
495 1371 570 1414 διὰ
613 1371 663 1414 τὸ
713 1372 774 1427 μὴ
818 1372 1157 1430 τριακονταετὴς
1198 1372 1262 1416 ἔτι
1303 1373 1526 1432 ὑπάρχειν,

51 1447 189 1490 ποιῶν
225 1443 433 1501 δράματα
478 1442 553 1485 διὰ
599 1442 854 1485 Φιλωνίδου
889 1445 965 1485 καὶ
1005 1441 1345 1502 Καλλιστράτου
1381 1445 1525 1503 ἀνεγί-

50 1530 216 1560 νωσκεν
244 1512 304 1566 εἰς
335 1514 386 1557 τὸ
415 1515 634 1570 θέατρον,
668 1506 731 1555 ὦν
757 1510 806 1554 ἓν
837 1504 893 1565 ἧν
923 1513 973 1556 τὸ
1006 1515 1093 1557 τῶν
1122 1517 1377 1560 Δαιταλέων
1403 1516 1526 1573 Myo-

51 1601 210 1641 μενον,
250 1594 291 1631 at
319 1591 389 1630 hic
420 1589 586 1642 quidem
618 1588 687 1640 qui
718 1587 770 1627 de
799 1587 953 1628 fabulis
982 1590 1230 1640 recitandis,
1272 1593 1343 1644 qui
1380 1598 1526 1646 postea

52 1664 335 1703 Romanorum
379 1660 459 1699 fuit
514 1672 625 1706 mos,
681 1658 898 1710 cogitavit,
954 1673 1124 1712 prorsus
1163 1661 1371 1714 ignoravit
1418 1665 1526 1704 Atti-

52 1745 126 1773 cae
155 1731 394 1771 comoediae
421 1731 504 1769 vim
534 1733 576 1769 et
605 1729 820 1770 rationem.
860 1731 1048 1782 Denique
1076 1731 1160 1771 huc
1187 1733 1370 1784 pertinet
1395 1735 1526 1776 schol.

51 1802 224 1843 Brunkii
255 1801 305 1840 ad
337 1801 444 1841 Nub.
475 1814 514 1840 v.
544 1799 651 1839 531:
691 1799 747 1844 (si
777 1804 914 1839 tamen
946 1801 1050 1841 haec
1079 1803 1288 1843 annotatio
1317 1806 1526 1846 recentio-

52 1874 110 1914 ris
139 1872 311 1912 alicuius
342 1871 612 1920 scholiastae,
643 1882 691 1910 ac
720 1882 800 1910 non
830 1871 969 1923 potius
998 1871 1178 1913 hominis
1208 1873 1382 1915 alicuius
1413 1876 1527 1917 docti

0 1947 1 1963 ³
52 1945 170 1995 est,)
222 1937 436 1991 Δηλονότι
492 1937 516 1980 ὁ
573 1936 824 1990 Φιλωνίδης
876 1941 952 1981 καὶ
999 1937 1023 1981 ὁ
1075 1939 1435 1998 Καλλίστρατος,
1481 1945 1526 1986 οἱ

51 2006 234 2066 ὕστερον
263 2007 489 2063 γενόμενοι
519 2006 752 2066 ὑποκριταὶ
778 2009 857 2051 τοῦ
884 2008 1260 2066 Ἀριστοφάνους.
1300 2018 1356 2057 At
1385 2022 1525 2059 osten-

35 2070 114 2125 vdit
151 2084 222 2124 hic
256 2084 347 2136 ipse
386 2072 517 2132 locus,
550 2083 662 2122 unde
700 2082 805 2123 falsa
840 2083 913 2123 illa
950 2083 1111 2136 opinio,
1162 2087 1446 2130 Callistratum
1482 2094 1526 2130 et

0 2153 3 2159 ’
52 2154 316 2195 Philonidem
343 2154 568 2206 primarum
599 2154 777 2206 partium
809 2159 971 2195 actores
1010 2154 1155 2205 fuisse,
1196 2161 1287 2198 orta
1316 2159 1391 2199 sit:
1431 2174 1525 2201 nam

53 2225 164 2277 quod
192 2216 374 2276 ὕστερον
402 2225 586 2263 additum
617 2230 700 2272 est,
731 2225 866 2276 arguit
895 2224 1012 2264 illum
1041 2225 1279 2277 hominem,
1319 2231 1390 2280 qui
1420 2231 1526 2271 haec

53 2294 281 2346 scripserit,
310 2294 641 2345 quandoquidem
669 2293 819 2332 viderit
848 2298 993 2344 postea
1024 2307 1188 2347 quoque
1203 2298 1525 2352 Aristophanem

55 2363 283 2404 eorundem
312 2363 525 2403 hominum
555 2376 725 2416 operam
755 2364 833 2405 sibi
863 2365 1109 2416 adscivisse,
1147 2379 1241 2407 cum
1264 2373 1400 2411 tamen
1429 2373 1524 2413 Ari-

54 2434 277 2487 stophanes
307 2437 450 2473 auctor
478 2434 786 2475 comoediarum
815 2436 938 2488 vulgo
969 2437 1285 2487 existimaretur,
1316 2442 1523 2493 statuisse,

53 2505 231 2558 primum
270 2504 436 2556 quidem
474 2504 576 2544 istos
612 2508 806 2557 tauquam
858 2519 954 2547 suas
1003 2507 1196 2548 docuisse
1232 2510 1522 2564 Aristophanis

55 2574 316 2624 comoedias,
350 2572 496 2627 postea
534 2578 673 2615 autem
707 2576 751 2616 in
786 2577 958 2629 agendis
995 2577 1150 2619 fabulis
1186 2579 1340 2631 primas
1378 2594 1520 2624 susce-

55 2644 165 2696 pisse
202 2648 355 2698 partes.
422 2646 502 2685 Est
541 2645 668 2698 igitur
706 2648 873 2688 omnino
912 2648 1039 2698 illud,
1075 2649 1187 2701 quod
1216 2650 1269 2690 de
1302 2651 1521 2694 histrionia

55 2717 143 2754 arte
169 2714 331 2756 illorum
360 2719 577 2768 poetarum
615 2715 762 2767 fertur,
791 2719 1124 2761 commenticium
1154 2720 1349 2775 nullaque
1379 2728 1520 2764 aucto-
