1716 3164
206 192 317 238 1184
693 213 696 215 ·
718 193 1124 238 ARISTOPHANIS

205 309 285 349 vid.
317 309 460 348 Annal.
492 307 728 347 Zimmerm.
760 308 869 346 1835
898 319 939 359 p.
960 308 1055 356 962,
1084 307 1189 346 adde
1217 312 1427 359 praetereo
1458 320 1563 361 quae
1592 309 1653 349 di-

204 379 263 417 xit
301 377 362 416 vir
398 377 751 430 ingeniosissimus
780 377 1020 417 Welckerus
1059 377 1111 416 de
1154 376 1322 420 Graecis
1367 379 1585 431 tragoediis
1616 379 1653 419 11

213 460 254 499 p.
283 447 380 487 776.

912 556 963 595 11.

397 635 521 679 Ἰδοὺ
555 634 713 691 δίδωμι
742 632 874 686 τήνδ’
906 635 983 689 ἐγώ
1016 633 1197 690 γυναῖκά
1226 651 1296 678 σοι

406 720 612 777 Φαίδραν
631 736 642 747 ·
671 720 742 761 ἐπὶ
772 719 857 773 πῦρ
886 719 930 759 δὲ
960 719 1044 775 πῦρ
1073 717 1178 775 ἔοιχ’
1208 715 1327 772 ἥξειν
1354 716 1484 772 ἄγων.

319 834 519 874 Stobaeus
556 832 727 874 LXVIII
765 834 790 872 6
828 833 905 872 vol.
949 833 1005 872 Ill
1046 846 1085 885 p.
1116 833 1199 872 25:
1240 827 1568 886 Ἀριστοφάνης
1610 830 1655 871 ἐν

207 900 426 957 Πολυϊδῳ.
497 904 558 942 De
597 903 810 955 proverbio
845 902 922 941 isto
963 903 1057 941 satis
1087 903 1182 940 trito
1213 899 1297 954 πῦρ
1339 900 1408 939 ἐπὶ
1447 899 1530 954 nio
1569 902 1649 942 vid.

207 974 434 1014 Comment.
465 986 504 1025 p.
525 974 592 1022 31,
623 973 691 1012 ubi
723 972 885 1011 Cratino
917 969 1000 1023 πῖρ
1030 969 1132 1024 πυρὶ
1163 967 1271 1022 ἔγχει
1302 971 1510 1010 vindicavi.
1570 970 1650 1010 Mi-

206 1043 297 1082 nois
327 1047 462 1081 autem
503 1042 691 1080 videntur
728 1041 831 1080 haec
861 1054 950 1080 esse
981 1041 1127 1087 verba,
1164 1040 1231 1091 qui
1264 1041 1489 1094 Phaedram
1527 1032 1652 1079 filiam

205 1099 378 1164 Polyid‘o
417 1111 522 1158 vati,
557 1115 602 1150 ut
641 1110 800 1148 videtur
831 1110 964 1157 (nam
995 1110 1145 1148 Thesei
1176 1110 1311 1148 nullae
1340 1110 1380 1148 in
1412 1110 1488 1148 hac
1516 1109 1653 1148 sabula

204 1186 340 1233 partes
369 1192 460 1219 esse
490 1180 709 1230 possunt),
747 1183 914 1229 propter
944 1179 1141 1217 Glaucum
1182 1179 1310 1216 filium
1342 1181 1573 1217 restitutum
1602 1178 1652 1217 ab

204 1250 371 1296 inseris,
411 1249 661 1300 despondet:
701 1247 845 1285 comici
889 1248 993 1285 enim
1026 1253 1172 1298 poetae
1202 1248 1374 1298 plurima
1405 1249 1652 1286 novaverunt

203 1320 243 1359 in
275 1319 450 1370 antiquis
490 1317 639 1356 sabulis
674 1317 755 1356 illis
785 1315 1106 1364 conformandis,
1150 1317 1461 1368 nuptiarumque
1501 1317 1652 1355 laetitia

204 1389 300 1428 satis
338 1394 474 1440 aptum
514 1385 748 1425 comoediae
778 1385 963 1436 praebuit
1002 1386 1174 1423 exitum:
1212 1386 1376 1423 suborta
1416 1391 1550 1423 autem
1590 1389 1652 1424 est

203 1458 281 1496 alio
312 1469 476 1508 quoque
507 1456 755 1501 coniectura,
786 1454 1100 1510 Aristophanem
1133 1467 1212 1492 non
1243 1454 1371 1492 solum
1403 1453 1544 1492 Glauci
1575 1454 1650 1505 mi-

201 1539 288 1566 ram
326 1526 531 1564 fortunam
575 1525 614 1562 in
664 1523 741 1562 hac
775 1523 984 1562 comoedia
1022 1523 1276 1570 exhibuisse,
1322 1523 1396 1562 sed
1442 1523 1650 1561 consimile

202 1594 417 1646 Hippolyti
445 1592 573 1632 fatum
605 1592 852 1631 adiunxisse:
895 1603 1067 1642 namque
1107 1592 1157 1630 iis
1188 1592 1284 1642 ipsis
1314 1591 1473 1638 herbis,
1505 1592 1648 1642 quibus

202 1664 399 1716 Polyidus
430 1663 626 1701 Glaucum
667 1662 707 1699 in
738 1660 856 1699 vitam
888 1661 1112 1709 revocavit,
1151 1672 1247 1699 usus
1292 1665 1353 1699 est
1385 1660 1649 1711 Aesculapius

201 1738 247 1773 ut
276 1732 546 1784 Hippolytum
577 1731 625 1769 ab
656 1729 799 1768 inferis
829 1731 1055 1778 suscitaret,
1087 1729 1167 1768 vid.
1199 1730 1315 1768 Ovid.
1347 1729 1645 1769 Fast.V1743:

201 1802 421 1843 Exciderat
451 1812 570 1839 curru
602 1799 781 1850 lorisque
811 1800 1059 1838 morantibus
1099 1803 1208 1837 artus
1239 1798 1485 1849 Hippolytus
1513 1799 1647 1838 lacero

202 1884 374 1922 corpore
414 1875 553 1921 raptus
592 1873 697 1907 erat:
737 1868 1070 1918 Reddideratque
1112 1868 1307 1915 animam,
1344 1867 1514 1906 multum
1543 1868 1647 1906 indi-

200 1945 352 1994 gnante
382 1940 522 1986 Diana,
554 1937 688 1986 Nulla,
720 1938 961 1985 Coronides,
992 1948 1111 1975 causa
1141 1937 1306 1984 doloris,
1336 1937 1404 1975 ait.
1463 1937 1647 1987 Namque

198 2010 267 2062 pio
296 2009 431 2047 iuveni
461 2008 582 2046 vitam
613 2007 702 2045 sine
731 2006 899 2045 vulnere
937 2005 1118 2052 reddam,
1185 2006 1238 2043 Et
1277 2005 1424 2044 cedent
1461 2007 1538 2044 arti
1574 2007 1646 2046 tri-

197 2078 274 2117 stia
303 2076 386 2115 fata
417 2089 545 2114 meae.
614 2075 804 2113 Gramina
842 2075 1031 2113 continuo
1061 2073 1206 2111 loculis
1237 2072 1439 2124 depromit
1468 2075 1644 2115 eburnis.

197 2145 446 2185 Profuerant
476 2144 619 2183 Glauci
649 2143 833 2182 manibus
862 2143 932 2182 illa
969 2142 1093 2194 prius,
1162 2141 1280 2180 Tunc
1322 2154 1412 2180 cum
1453 2143 1643 2183 observa-

196 2220 258 2254 tas
288 2227 416 2267 augur
447 2213 657 2253 descendit
687 2214 727 2251 in
754 2212 916 2259 herbas,
947 2212 1055 2250 Usus
1087 2214 1126 2248 et
1155 2210 1302 2249 auxilio
1333 2214 1394 2249 est
1425 2212 1566 2263 anguis
1595 2213 1644 2252 ab

196 2296 330 2337 angue
361 2284 469 2323 dato.
500 2284 540 2332 ⁶)
607 2283 787 2321 Pectora„
810 2286 871 2320 ter
899 2280 1054 2331 tetigit,
1085 2282 1148 2318 ter
1176 2280 1299 2319 verba
1327 2279 1504 2319 salubria
1532 2281 1646 2331 dixit,

287 2438 316 2475 ²)
341 2437 468 2470 Versus
501 2440 620 2480 aperte
645 2436 813 2480 corrupti:
846 2439 881 2468 et
912 2436 977 2468 fuit
1007 2435 1144 2478 quidem
1176 2445 1252 2468 cum
1276 2436 1503 2477 corrigerem:
1542 2438 1643 2472 Tunc
1713 2433 1714 2461 Ῐ

195 2507 272 2530 cnm
291 2499 486 2528 Coermn’des
510 2507 620 2538 augur
642 2495 819 2528 descendit
842 2500 885 2526 ad
908 2500 1054 2527 umbras:
1079 2505 1156 2527 nam
1180 2494 1259 2527 libri
1284 2496 1489 2536 „servandas
1514 2498 1644 2538 (serva-

193 2560 262 2596 ωε,
292 2555 513 2598 abservatas)
545 2567 575 2589 a.
601 2555 633 2588 d.
666 2555 710 2587 acl
745 2553 898 2587 u1nbras’'
924 2553 1110 2596 exbibent3
1146 2556 1181 2586 at
1212 2553 1262 2586 sic
1285 2554 1397 2597 potius
1422 2554 1642 2600 corrigendus
1710 2587 1716 2599 „

192 2613 250 2648 ille
274 2616 388 2647 locus:

392 2674 492 2705 Tunc
516 2682 591 2705 cum
615 2677 784 2704 sert-untes
801 2675 914 2711 unques
938 2670 1114 2704 descendit
1137 2671 1179 2703 ad
1203 2670 1338 2711 herbas,

434 2731 523 2764 Usus
546 2735 581 2764 et
605 2730 733 2764 anxilio
755 2734 808 2764 est
831 2741 935 2771 auym·
959 2730 1001 2763 ab
1029 2740 1140 2772 angue
1165 2730 1257 2762 dato.
