1716 3164
321 175 589 224 ΘΕΣΜΟΦ
598 170 833 219 ΟΡΙΑΖΟ
846 170 997 217 ΥΣΑΙ
1020 166 1345 216 ΔΕΥΤΕΡΑΙ.
1460 169 1572 213 1085

608 355 610 357 ,
792 314 882 357 XV.

277 393 379 444 ³sz
402 401 516 457 μέγα
540 414 583 441 τι
608 393 747 455 χρῆμ’
780 393 845 438 ἔτι
874 386 1382 452 τρυγῳδοποιομουσική,

288 484 420 539 ἡνίκα
452 480 651 542 Κράτητι’
679 497 724 524 τε
754 477 931 538 τάριχος
959 475 1250 534 ἐλεφάντινον

290 569 494 628 λαμπρὸν
523 564 736 624 ἐνομίζετ’
766 562 943 614 ἀπόνως
973 560 1388 621 παραβεβλημένον,

289 654 403 698 ἄλλα
434 669 477 697 τε
508 649 700 696 τοιαῦθ’
734 651 857 707 ἕτερα
886 646 1018 706 μυρί’
1048 646 1291 703 ἐκιχλίζετο.

205 771 443 814 Athenaeus
474 767 535 809 111
566 781 607 821 p.
638 765 722 806 117
753 765 810 806 C:
856 760 1111 818 Παρέλιπεν
1152 756 1176 801 ὁ
1216 757 1383 808 τένθης
1416 753 1575 814 Ἀρχέ-

95 854 280 897 στρατος
310 835 631 893 συγκαταλέξαι
652 831 757 889 ἡμῖν
784 833 861 875 καὶ
888 830 939 875 τὸ
969 831 1090 888 παρὰ
1106 827 1309 888 Κράτητι
1336 827 1397 887 τῷ
1421 844 1576 888 κωμῳ-

94 909 276 969 διοποιῷ
304 909 351 951 ἐν
377 906 570 963 Σαμίοις
597 902 838 960 λεγόμενον
867 900 1154 962 ἐλεφάντινον
1182 897 1372 957 τάριχος.
1410 924 1464 934 -
1504 895 1576 942 ὅτι

94 981 142 1023 δὲ
171 977 414 1036 διαβόητον
443 976 500 1030 ἡν
528 976 578 1020 τὸ
601 976 681 1019 τοῦ
696 972 929 1033 Κράτητος
957 970 1243 1030 ἐλεφάντινον
1259 970 1436 1029 τάριχος
1460 986 1577 1029 μαρ·

92 1054 215 1108 τυρεῖ
264 1045 603 1107 Ἀριστοφάνης
658 1046 706 1088 ἐν
753 1041 1223 1103 Θεσμοφοριαζούσαις
1261 1041 1336 1084 διὰ
1382 1039 1574 1084 τούτων.

82 1110 163 1163 H
190 1121 304 1178 μέγα
332 1136 378 1163 τι
406 1117 550 1201 βρῶμ’
580 1118 701 1160 ἐστὶν
730 1114 756 1169 ἡ
787 1132 851 1173 τρ.
877 1116 969 1160 κτλ.
1029 1119 1102 1161 Vs.
1127 1118 1150 1157 1
1190 1117 1348 1171 legitur
1371 1112 1431 1155 'H
1459 1114 1577 1169 μέγα

94 1205 140 1234 τι
168 1190 314 1250 βρωμ’
342 1191 462 1234 ἐστιν
490 1189 516 1243 ἡ
548 1184 1056 1247 τρυγῳδοποιομουσική
1087 1189 1199 1241 quod
1228 1187 1418 1228 defendit
1435 1189 1573 1229 Fritz-

96 1265 238 1307 sebius
266 1278 308 1319 p.
337 1266 409 1314 72,
453 1269 496 1305 et
538 1276 639 1304 sane
679 1262 829 1302 eodem
859 1274 1035 1303 numero
1065 1272 1165 1300 usus
1196 1263 1261 1299 est
1291 1264 1334 1299 et
1361 1260 1454 1312 ipse
1481 1258 1577 1300 Ari-

97 1336 320 1389 stophanes
359 1336 484 1385 alias,
517 1339 565 1376 ut
603 1335 646 1375 in
675 1333 906 1386 Lysistrata
933 1346 973 1374 v.
1004 1331 1117 1372 1014
1146 1342 1235 1382 sqq.
1273 1334 1316 1370 et
1352 1330 1497 1370 Crates
1532 1329 1579 1371 in

96 1406 244 1447 Samiis
280 1419 331 1448 eo
369 1407 459 1460 ipso
501 1407 619 1455 loco,
656 1416 780 1456 quem
811 1404 995 1456 respexit
1023 1406 1169 1455 poeta:
1206 1401 1400 1453 displicet
1438 1405 1579 1442 tamen

95 1477 201 1518 haec
242 1477 372 1518 ratio:
415 1477 555 1530 itaque
590 1475 733 1528 recepi
771 1474 962 1515 Elmsleii
998 1472 1357 1521 emendationem,
1404 1471 1486 1512 vid.
1525 1471 1579 1512 ad

97 1548 276 1590 Acharn.
305 1561 344 1589 v.
373 1547 474 1588 499.
535 1544 746 1587 Pol-sonus
775 1545 955 1586 Misceli.
986 1557 1028 1597 p.
1046 1544 1130 1584 236
1161 1543 1348 1596 scripsit.
1371 1537 1452 1581 H
1463 1555 1579 1595 μεγα

99 1630 143 1658 τι
180 1614 326 1672 βρῶμ’
368 1613 433 1658 ἔνι
455 1612 977 1697 τρυγωὸοπσιομουσικῇ.
1047 1616 1243 1656 Fortasse
1277 1618 1417 1654 tamen
1456 1627 1579 1667 prae-

101 1692 207 1728 stat.
230 1677 289 1727 H
318 1683 414 1741 μέγ’
446 1684 502 1737 ἠν
531 1700 575 1727 τι
601 1683 737 1767 χρημ’
769 1680 848 1726 ε”θ
880 1681 907 1736 ἡ
939 1678 1452 1741 τρυγῳδοποιομουσικη,
1491 1685 1580 1726 sive

94 1747 197 1798 ἲΗν
211 1754 312 1811 μέγ’
327 1753 414 1813 ἄρα
443 1771 486 1797 τι
512 1756 630 1812 χρῆμ
637 1753 753 1798 ’ἔθ’
769 1772 795 1807 η
812 1770 876 1812 τρ
907 1762 953 1798 ut
970 1770 1115 1798 versus
1128 1756 1362 1798 trochaicus
1379 1758 1443 1807 sit,
1467 1756 1580 1809 quod

103 1839 368 1870 numerorum
399 1842 531 1883 genus
558 1843 684 1882 saepe
714 1842 809 1869 cum
838 1828 1049 1881 paeonicis
1078 1828 1310 1880 copulatur,
1339 1828 1421 1869 vid.
1450 1829 1600 1882 Vesp.·

103 1913 143 1942 v,
162 1901 285 1942 1283.
303 1901 426 1942 1291.
457 1926 513 1934 —
543 1902 658 1943 Vs.2
688 1894 819 1949 ἡνίκα
852 1901 1063 1940 Porsonus
1094 1903 1135 1939 et
1164 1899 1403 1949 Eum-leius,
1434 1899 1580 1941 cod.A

102 1966 191 2022 ἠνί.
220 1973 350 2013 ceteri
379 1963 448 2021 ἥν.
506 1997 561 2004 —-
620 1971 692 2014 Vs.
722 1971 750 2011 3
779 1965 992 2023 ἐνομίζετ’
1022 1970 1183 2023 scripsi,
1215 1970 1340 2022 vulgo
1368 1963 1578 2022 ἐνόμιζεν,

19 2083 21 2101 A
103 2043 371 2085 casaubonus
406 2036 621 2095 ἐκόμιζεν,
658 2042 771 2095 quod
810 2043 950 2083 nescio
988 2054 1063 2082 cur
1091 2041 1358 2094 probaverint
1387 2040 1581 2082 homines

21 2163 22 2166 Ἴ
104 2114 228 2155 docti.
286 2109 680 2167 παραβεβλημένον
721 2112 812 2153 cod.
855 2113 887 2152 P
926 2109 1326 2166 παρακεκλημένον.
1383 2112 1582 2152 Ceterum

21 2168 23 2208 ἶ
105 2183 283 2225 Cratetis
320 2184 483 2234 locum,
522 2196 644 2236 quem
675 2184 975 2238 Aristophanes
1014 2184 1114 2224 dicit
1144 2187 1260 2224 tanto
1290 2183 1378 2223 risu
1409 2182 1581 2235 applau-

104 2266 238 2307 suque
263 2258 481 2307 exceptum
506 2254 659 2303 fuisse,
695 2255 777 2294 vid.
814 2255 857 2295 in
886 2255 1037 2295 Samiis
1065 2255 1136 2294 Fr.
1167 2254 1213 2293 1:
1252 2249 1446 2308 Σκυτίνῃ
1476 2246 1579 2291 ποτ’

24 2321 25 2350 ³
106 2321 154 2362 ἐν
177 2318 319 2378 χύτρα
346 2318 520 2377 τάριχος
547 2317 831 2376 ἐλεφάντινον
860 2314 996 2374 ἶΗψε
1032 2319 1214 2370 ποντιὰς
1239 2317 1406 2376 χελώνη
1437 2317 1584 2362 πευκί-

107 2404 228 2433 νοισι
254 2391 460 2447 κύμασιν,
491 2398 534 2434 et
559 2406 667 2446 quae
691 2398 911 2447 praeterea
939 2394 1094 2447 frigide
1123 2407 1223 2434 sane
1253 2398 1296 2434 et
1325 2394 1584 2436 subabsurde

108 2464 209 2504 lusit
236 2464 309 2504 ine
340 2463 522 2504 comicus
552 2469 689 2516 poeta.
747 2465 854 2505 Satin
884 2464 1021 2505 autem
1048 2476 1256 2518 superque
1285 2465 1583 2519 Aristophanes

109 2534 277 2585 indicat,
322 2546 420 2575 suos
466 2535 660 2587 aequales
702 2536 874 2576 abiectis
917 2536 983 2576 his
1025 2536 1211 2577 dicteriis
1241 2547 1325 2578 nou
1361 2541 1581 2578 contentos

111 2618 220 2656 esse,
249 2606 324 2648 sed
353 2605 477 2647 altius
507 2610 549 2647 et
578 2606 770 2648 subtilius
801 2607 901 2660 quid
929 2607 1158 2660 requirere.
