1716 3158
206 132 294 173 904
704 132 1146 178 ARISTOPHANES.

206 244 329 298 etlam
358 240 585 294 Aeschylus
622 245 664 282 et
698 242 927 296 Sophocles
964 245 1014 284 ab
1051 245 1143 285 aliis
1176 246 1307 298 poetis
1345 248 1453 290 Iusto
1491 249 1652 302 saepius

205 312 248 352 ln
277 312 563 352 certaminibus
592 311 672 351 illis
701 312 782 352 sint
811 313 1020 364 superati?
1049 314 1090 362 ⁶)

315 380 472 419 Tantae
513 380 774 420 difficultates
813 393 904 421 cum
933 381 1146 421 iuvenibus
1188 383 1321 433 poetis
1363 385 1652 435 obiicerentur,

207 448 288 500 ipsi
327 448 387 487 illi
422 449 626 501 principes
667 454 813 502 poetae
851 451 958 490 filios
993 450 1091 490 artis
1120 450 1298 490 musicae
1334 454 1535 494 studiosos
1578 467 1652 495 sua

208 518 449 557 auctoritate
497 521 538 557 et
578 520 705 571 gratia
743 520 894 571 populo
939 519 1223 559 commendare
1265 532 1416 572 eosque
1463 522 1505 561 in
1552 524 1651 563 scri·

205 585 341 626 hendo
377 587 545 626 consilio
583 588 722 627 iuvare
760 588 964 628 solebant:
1011 588 1148 639 itaque
1187 588 1428 641 plerumque
1468 591 1652 631 finiera-

206 654 322 694 bulas
352 655 402 694 ab
431 668 476 695 se
506 655 603 707 ipsis
633 656 876 708 compositas
911 657 1187 706 tradiderunt,
1226 670 1323 710 quas
1359 659 1419 699 illi
1459 672 1535 699 suo
1580 671 1655 699 no-

209 725 318 764 mine
369 725 564 764 docerent
609 737 737 776 eaque
787 731 976 776 tanquam
1021 725 1186 778 propria
1228 727 1349 767 laude
1395 727 1654 768 fruerentur:

208 792 291 832 huc
320 793 481 842 refero,
510 793 619 844 quod
649 794 700 833 de
731 794 996 846 Euphorione
1026 794 1219 846 Aeschyli
1248 797 1333 836 filio
1363 796 1459 836 dicit
1486 797 1656 837 Suidas:

210 857 455 915 Εὐφορίων,
484 859 576 909 υἱὸς
602 855 827 915 Αἰσχύλου
854 860 931 903 τοῦ
959 860 1177 916 τραγικοῦ,
1214 859 1477 917 Ἀθηναῖος,
1507 878 1657 920 τραγι-

300 1019 330 1062 ‘)
364 1018 566 1063 Euripidem
605 1020 783 1065 quinquies
814 1024 945 1055 tantum
977 1021 1087 1066 primo
1118 1020 1269 1065 praemio
1298 1020 1438 1063 «lignum
1475 1020 1655 1054 iudicatum

208 1088 285 1111 esse
309 1079 526 1112 consentiunt
549 1084 684 1113 veteres
708 1085 860 1122 autores,
891 1080 958 1113 vid.
984 1081 1169 1114 Terentius
1195 1080 1301 1113 Varro
1326 1080 1415 1124 apud
1440 1079 1587 1113 Gellium
1610 1080 1657 1113 N·

205 1138 247 1170 A.
274 1138 365 1170 XVII
389 1138 429 1171 4:
453 1139 679 1182 „Euripidem
706 1151 839 1183 quoque
862 1140 910 1173 M.
938 1141 1046 1174 Varro
1070 1139 1128 1182 ait,
1152 1150 1255 1182 quum
1280 1139 1432 1182 quinque
1457 1142 1492 1171 et
1516 1141 1657 1181 septua-

208 1196 302 1238 ginta
333 1198 526 1239 tragoedias
560 1198 752 1242 scripserit,
783 1198 817 1230 in
849 1198 998 1241 quinque
1029 1197 1110 1231 solis
1142 1197 1284 1239 vicisse,
1315 1209 1420 1241 quum
1445 1208 1523 1230 eum
1551 1206 1655 1239 saepe

207 1256 383 1290 vincerent
407 1256 508 1300 aliqui
534 1261 657 1300 poetae
675 1255 918 1298 ignavissiini.''
967 1263 1110 1297 Quinque
1136 1261 1216 1289 solis
1245 1257 1278 1290 h.
1302 1267 1335 1290 e.
1363 1256 1550 1300 quinquieS‚
1583 1255 1656 1289 sive

207 1314 357 1358 quinque
388 1315 589 1357 tetralogiis.
644 1316 743 1349 Adde
775 1315 833 1349 vit.
862 1314 980 1359 Eurip.
1004 1315 1219 1360 Moschopuli
1242 1327 1274 1359 p.
1299 1315 1408 1348 LXVI
1432 1315 1488 1347 ed.
1514 1314 1656 1355 Pflugk:

210 1373 381 1419 Δράματα
415 1372 585 1439 δὲῆαὖτοῦ
609 1373 695 1407 κατὰ
728 1377 792 1417 μὲν
816 1371 912 1411 τινὰς
936 1374 1176 1418 ἑβδομήκοντα
1200 1381 1318 1412 πέντε,
1349 1372 1436 1407 κατὰ
1467 1374 1502 1407 δὲ
1535 1368 1659 1410 ἄλλους

210 1430 414 1474 ἐνενήκοντα
438 1432 524 1465 δυο·
553 1435 647 1470 νίκας
670 1433 705 1465 δὲ
731 1431 837 1465 εἵλετο
862 1434 978 1473 πέντε,
1003 1430 1066 1469 τὰς
1087 1434 1152 1475 μὲν
1175 1435 1340 1476 τέσσαρας
1361 1429 1503 1476 περιών,
1536 1430 1597 1473 τὴν
1620 1432 1657 1463 δὲ

210 1492 297 1535 μίαν
320 1491 408 1534 μετὰ
430 1490 495 1533 τὴν
516 1488 684 1533 τελευτήν.
715 1492 845 1525 Eadem
869 1491 946 1524 fere
969 1490 1092 1524 Suidas
1117 1501 1148 1524 v.
1167 1486 1509 1534 ΕὗριπίδηςμΝίκας
1534 1492 1570 1523 δὲ
1595 1485 1658 1522 ἇν-

210 1551 319 1582 acmo
345 1552 370 1590 ε’,
394 1549 455 1587 τὰς
478 1552 542 1593 μὲν
565 1552 731 1593 τέσσαρας
755 1546 898 1593 περιών,
928 1549 992 1593 τὴν
1017 1550 1053 1583 δὲ
1076 1550 1160 1592 μίαν
1182 1546 1271 1594 μετὰ
1293 1550 1356 1592 τὴν
1380 1548 1557 1591 τελευτήν,
1581 1551 1658 1581 ἐπι-

210 1609 412 1651 δειξαμένου
436 1607 477 1641 τὸ
503 1609 619 1652 δρᾶμα
636 1611 700 1642 τοῦ
726 1605 918 1653 ἀδελφιδοῦ
943 1603 1053 1640 αὑτοῦ
1076 1604 1284 1652 Εὐριπίδου.
1344 1609 1458 1651 ltaque
1482 1606 1659 1648 corrigen-

208 1667 270 1700 dus
295 1667 446 1700 Thomas
469 1667 518 1699 M.
542 1667 597 1700 vit.
624 1667 741 1711 Eurip.
773 1679 805 1710 p.
829 1668 954 1700 LXVII
986 1667 1040 1699 ed.
1065 1666 1204 1709 Pflugk:
1240 1667 1404 1709 Nwtmpts
1435 1666 1471 1698 δὲ
1505 1668 1539 1698 ἐν
1571 1667 1658 1699 πᾶσι

207 1725 343 1762 τούτοις
367 1730 439 1763 τοῖς
470 1725 624 1771 δράμασι
649 1727 742 1763 νίκας
772 1739 819 1759 ηε
834 1726 1106 1759 »vexatarum
1159 1726 1204 1759 Et
1227 1736 1404 1769 possumus
1428 1724 1549 1767 opinor
1571 1734 1657 1757 con-

208 1784 338 1817 iectura
361 1786 495 1828 assequi
520 1796 586 1828 quo
611 1789 766 1829 tempore
795 1789 830 1818 et
854 1785 975 1828 quibus
1000 1784 1188 1826 tragoediis
1212 1784 1332 1817 vicerit
1351 1784 1550 1826 Euripides:
1581 1782 1656 1826 pri-

211 1854 302 1876 mani
332 1844 509 1877 victoriam
538 1848 732 1887 reportasse
764 1849 898 1887 poetam
932 1845 1067 1886 Olymp.
1091 1843 1267 1877 LXXXIV
1291 1844 1312 1876 3
1342 1847 1484 1876 testatur
1506 1843 1659 1876 Marmor

208 1902 348 1935 Parium
371 1902 393 1935 l.
417 1902 472 1936 75.
501 1903 650 1936 Boeekh.
675 1903 716 1936 C.
742 1904 768 1937 I.
793 1905 858 1937 vol.
883 1905 913 1936 11
939 1914 970 1946 p.
990 1904 1070 1935 302:
1109 1898 1175 1946 ἀφ’
1203 1898 1243 1937 οὗ
1274 1897 1465 1945 ,Εὐριπίδης
1496 1897 1579 1934 ἑτῶν
1610 1899 1657 1932 ὢν

207 1960 415 1994 ΔΛΛΔῙΙῙ
432 1963 607 2006 τραγῳδίᾳ
633 1965 766 2006 πρῶτον
791 1964 951 2005 ἐνίκησεν,
976 1964 1032 2004 ἔτη
1056 1962 1233 1994 ΙΙΓΔΛΓ
1252 1962 1299 1994 111
1366 1959 1530 2003 ἄρχοντος
1548 1955 1658 2000 Ἀθή-

210 2030 289 2062 νῃσι
313 2020 481 2061 Διφίλου.
529 2021 659 2054 Rursus
683 2021 765 2054 vicit
791 2022 924 2064 Olymp.
948 2021 1142 2054 LXXXVII
1165 2020 1204 2061 4,
1227 2020 1297 2053 vid.
1319 2029 1446 2060 argum.
1464 2016 1657 2060 Hippolyti:

203 2074 410 2119 Ἓδιδάχθη
435 2079 488 2110 ἐπὶ
507 2074 705 2122 'Apelt-oros
737 2075 923 2122 ἄρχοντος,
949 2076 1152 2122 Ὀλυμπιάδι
1184 2073 1398 2122 ὀγδοηκοστῇ
1423 2073 1568 2121 ἕβδόμῃ,
1592 2077 1659 2107 ἔτει

207 2132 375 2180 τετάρτῳ,
400 2138 532 2181 πρῶτος
555 2135 766 2180 Εὐριπίδης,
792 2136 948 2180 δεύτερος
964 2133 1120 2180 Ἰοφῶν,
1144 2139 1259 2181 τρίτος
1276 2137 1374 2169 Ἰων.
1430 2136 1474 2168 Et
1507 2133 1659 2167 secunda

210 2193 294 2227 haec
318 2194 460 2228 victoria
481 2196 588 2229 fuisse
611 2197 765 2230 videtur:
791 2196 893 2230 tertia
915 2199 1027 2229 antem
1051 2195 1087 2228 in
1111 2205 1209 2238 quam
1235 2197 1381 2227 aetatem
1404 2193 1532 2226 incidat
1554 2202 1654 2234 pror-

208 2264 266 2286 sus
292 2254 434 2295 ignoro:
467 2259 502 2288 at
526 2260 677 2299 quartam
703 2255 856 2298 indagari
884 2255 984 2288 licet:
1020 2265 1097 2287 nam
1121 2253 1283 2287 indicium
1307 2253 1396 2286 hand
1420 2251 1651 2295 spernendum

210 2311 351 2345 exhibet
374 2313 557 2347 scholiasta
580 2314 816 2359 Aristophanis
841 2315 1011 2348 Ranarum
1037 2308 1503 2356 v.53:131v=?21v‹590m¹6av·
1536 2308 1596 2343 διὰ
1619 2309 1656 2341 τί

209 2370 258 2416 μὴ
282 2370 366 2404 ἄλλο
384 2385 418 2404 τι
432 2375 499 2405 τῶν
517 2370 582 2417 πρὸ
608 2372 724 2417 ὀλίγου
750 2374 984 2415 διδιμχθεντων
1008 2385 1066 2404 και
1090 2369 1239 2412 ,tutatast
1251 2367 1435 2414 Τψιπύλης,
1453 2364 1657 2409 Φοινισσῶν,

203 2423 410 2474 Αντιόπηςς
441 2428 461 2474 ἦ
489 2432 553 2476 γὰρ
572 2428 781 2476 Ἀνδρομέδα
807 2429 919 2477 ὃγδόω
944 2434 1010 2464 ἔτει
1033 2429 1215 2473 προῆκται.
1261 2425 1375 2472 ἐπειδὴ
1408 2425 1449 2462 οὗ
1484 2439 1657 2470 συκοφαν-

207 2491 267 2521 τία
296 2487 338 2532 ἦν
368 2487 526 2524 τοιαῦτα
579 2491 737 2532 Arguunt
768 2492 857 2523 enim
888 2490 983 2531 hacc,
1016 2500 1085 2522 non
1109 2490 1212 2521 multo
1238 2491 1317 2521 ante
1341 2488 1474 2530 Olymp.
1499 2485 1608 2519 XCIII
1630 2485 1653 2517 3

209 2547 242 2580 h.
267 2559 298 2581 e.
321 2560 388 2582 non
415 2552 519 2583 multo
543 2553 621 2583 ante
646 2550 774 2583 obitum
797 2549 995 2593 Euripidem
1020 2547 1188 2590 trilogiain
1212 2547 1454 2591 Hypsipylem,
1485 2542 1653 2576 Phoenis-

207 2618 274 2648 sas,
290 2608 473 2650 Antiopen]
498 2610 666 2651 docuisse,
691 2619 816 2652 eaque,
841 2608 918 2642 cum
940 2609 993 2640 vel
1017 2608 1146 2641 severis
1170 2607 1338 2640 iudicibus
1356 2605 1570 2647 probaretur,
1597 2602 1652 2636 vi·-

209 2667 308 2704 cisse.
355 2667 517 2705 Quintam
553 2669 698 2715 denique
729 2667 902 2713 Euripidis
926 2666 993 2702 iam
1031 2666 1157 2702 mortui
1187 2663 1365 2714 tetralogla
1396 2661 1572 2697 victorium
1595 2672 1653 2695 re-
