1716 3164
150 170 263 210 1⁰46
670 166 1078 208 ARISTOI’HANIS

151 279 238 322 (ΗΓ.
269 279 432 319 Ruhnk.
463 278 514 318 ad
545 278 759 316 Timaeum
787 288 829 327 p.
846 275 935 326 59),
966 288 1046 316 non
1077 276 1253 328 neglexit
1280 278 1405 318 scitus
1433 277 1596 319 artifex:

149 350 192 389 ln
223 349 340 387 tertia
369 354 484 399 parte
523 347 577 386 dii
619 345 831 385 averrunci
862 345 1082 394 Demeter,
1123 346 1269 397 Apollo
1308 353 1349 387 et
1378 348 1503 388 Diana
1530 361 1598 388 ex-

150 419 357 458 hibentur.

782 468 972 508 XXXVI.

262 552 558 594 Grammaticus
587 552 763 591 Bekkeri
794 551 948 591 Anecd.
982 551 997 590 1
1029 564 1068 603 p.
1099 551 1180 590 427
1211 552 1261 590 3:
1294 545 1601 605 Ἀποβροχ-

151 618 342 663 θίσαι.
400 618 447 659 τὸ
477 619 727 668 καταπιεῖν,
755 613 812 665 ὥς
841 614 977 671 ἡμεῖς,
1018 615 1339 672 Ἀριστοφάνης
1370 619 1602 661 Δαιταλεῦ-

155 703 228 731 σιν
260 686 488 744 ἐχρήσατο.

508 772 716 812 XXXVII.
774 770 1004 810 XXXVIII.
1071 771 1260 812 XXXIX.
1325 779 1329 781 “

264 855 409 895 Pollux
428 855 462 895 X
484 856 587 894 172:
621 848 988 900 Θυλακίσκον,
1015 848 1073 900 ὠς
1102 851 1147 891 ἐν
1176 851 1463 893 Δαιταλεῦσιν
1488 850 1604 908 Ἀρι-

154 920 454 976 στοφάνης.-
467 925 578 963 ldem
594 924 627 963 X
639 924 718 963 32:
738 916 812 960 ”H
840 919 899 960 κλ
911 934 927 961 ι
939 917 1032 975 νάρ
1047 935 1094 961 ιο
1105 934 1127 961 ν
1142 955 1151 973 ,
1179 919 1236 970 ιός
1250 921 1296 962 ἐν
1305 922 1605 964 Δαιταλεῦσιν·

154 994 260 1034 adde
290 994 459 1034 Antiatt.
490 994 617 1033 Bekk.
648 991 801 1032 Anecd.
835 991 853 1030 1
882 1005 922 1043 p.
954 992 1036 1030 104
1065 993 1144 1032 28:
1174 988 1390 1046 Κλινάρια
1404 1021 1415 1041 ,
1442 988 1495 1032 οὐ
1521 989 1606 1045 μό-

154 1073 233 1102 νον
260 1058 473 1101 κλινίδια·
502 1055 828 1114 ’Λριστοφάνης
855 1057 1154 1101 Δαιταλεῦσιν.
1185 1086 1238 1094 —
1270 1063 1383 1103 Idem
1404 1063 1605 1105 V11153=

154 1126 480 1186 Ἀριστοφάνης
509 1127 557 1169 δ’
577 1129 623 1168 ἐν
652 1125 939 1169 Δαιταλεῦσιν
965 1127 1040 1168 καὶ
1069 1126 1344 1182 λυρωνίαν
1370 1143 1457 1171 που
1485 1129 1606 1182 λέγει.

760 1239 847 1279 XL.
905 1238 1012 1278 XLI.

269 1323 437 1362 photius
475 1334 515 1374 p.
546 1322 626 1361 291
659 1322 738 1361 16:
774 1315 1018 1374 Νεβλάρε
1036 1334 1148 1360 ται·
1185 1321 1398 1377 περαίνει·
1441 1318 1609 1376 ἄσημος

157 1387 281 1444 φωνὴ
313 1390 384 1430 ἐπὶ
413 1387 492 1429 τοῦ
520 1386 749 1443 περαίνειν.
811 1391 1065 1431 Fritzschius
1095 1406 1137 1444 p.
1165 1394 1242 1432 272
1273 1387 1525 1445 νεβλαρετό,
1563 1398 1610 1433 ut

162 1455 440 1514 Θρεττανελό.
499 1460 611 1500 Nihil
650 1460 887 1500 mutandum
923 1460 1083 1500 videtur
1120 1462 1163 1502 in
1193 1463 1392 1502 eiusmodi
1423 1463 1606 1511 vocibus,

158 1529 234 1569 cfr.
266 1530 434 1568 Photius
464 1542 504 1580 p.
535 1530 618 1568 483
647 1531 722 1569 20:
753 1525 948 1569 ‘Ptin-sc·
980 1527 1241 1583 ἐπιφώνημα
1264 1525 1508 1585 χαιρόντων
1535 1529 1610 1569 καὶ

157 1592 520 1650 ὑπορχουμένουν.
580 1599 772 1639 Ceterum
802 1599 1057 1651 Hesychius:
1094 1596 1334 1654 Νεβλάραι.
1391 1595 1610 1652 περαίνειν

159 1667 338 1707 exhibet.
388 1686 440 1692 -—
484 1668 598 1707 Idem
627 1682 666 1720 p:
697 1668 779 1707 350
811 1669 884 1707 10:
916 1662 1206 1720 ”Ορτυγας·
1237 1666 1538 1714 συστέλλοντες
1566 1665 1610 1706 οἱ

157 1731 355 1776 Ἀττικοὶ
390 1734 563 1788 λέγουσι
591 1735 640 1775 τὸ
670 1735 715 1776 ὗ·
746 1735 821 1775 καὶ
859 1733 935 1774 τὸν
971 1731 1355 1789 ὀρτυγοκόπον
1396 1735 1608 1791 βραχέως·

160 1803 291 1854 δηλοῖ
326 1801 651 1859 Ἀριστοφάνης
692 1803 990 1846 Δαιταλεῦσιν.
1078 1809 1225 1848 Utrum
1279 1807 1424 1847 dixerit
1473 1810 1608 1859 poeta,

162 1875 341 1916 dlecerni
371 1877 524 1928 nequit.

826 1930 952 1972 XLII.

274 2012 438 2053 Suidas:
475 2008 830 2063 “Ραγὸαιόυς.
868 2039 921 2047 -
957 2009 1050 2053 ἔστι
1086 2010 1136 2051 τὸ
1178 2007 1319 2065 ὄνομα
1358 2038 1411 2047 --
1452 2011 1526 2052 καὶ
1564 2010 1611 2051 ἐν

162 2079 450 2123 Δαιταλεῦσιν
475 2075 840 2135 ’Λριστοφάνους.

819 2164 970 2204 XLIII.

275 2248 511 2289 Athenaeus
542 2247 598 2289 IV
627 2261 667 2299 p.
699 2247 780 2286 183
810 2248 867 2287 E:
906 2241 1184 2302 Μνημονεύει
1222 2243 1268 2284 δὲ
1304 2242 1382 2286 τοῦ
1418 2241 1611 2299 τριγώ-

165 2327 257 2358 νου
287 2312 443 2357 τούτου
473 2342 524 2348 -
551 2310 881 2370 Ἀριστοφάνης
909 2314 955 2355 ἐν
982 2313 1282 2358 Δαιταλεῦσιν.

807 2401 953 2441 XLIV.

278 2483 424 2523 Pollux
447 2482 524 2525 VII
547 2483 626 2522 168
638 2497 648 2523 2
687 2480 756 2538 Τῷ
786 2479 831 2520 δὲ
868 2481 1066 2523 λοῦσθαι
1094 2481 1168 2522 καὶ
1198 2478 1247 2522 τὸ
1278 2478 1612 2534 ψυχρολουτρεῖν

167 2544 224 2590 ἂν
264 2548 496 2604 προσήκοι,
533 2545 757 2604 εἰρημένου
798 2548 875 2591 τοῦ
918 2550 986 2602 ἐψ
998 2564 1128 2605 υχρο
1143 2550 1234 2591 λου
1246 2546 1342 2604 τρή
1356 2559 1524 2599 σαμεν
1566 2546 1612 2586 ἑν

166 2618 453 2661 Δαιταλεῦσιν
490 2615 856 2674 Ἀριστοφάνους.
932 2622 1269 2674 Wyttenbachius
1308 2619 1359 2659 ad
1403 2618 1610 2659 Plutarch.
1678 2637 1684 2643 ·

166 2690 224 2734 VI
254 2703 294 2744 p.
323 2690 406 2730 416
434 2685 871 2743 ἐψυχρολουτήσαμεν
898 2691 1076 2745 corrigit.
