<?xml version="1.0" encoding="UTF-8"?>
<!DOCTYPE html PUBLIC "-//W3C//DTD XHTML 1.0 Transitional//EN"
    "http://www.w3.org/TR/xhtml1/DTD/xhtml1-transitional.dtd">
<html xmlns="http://www.w3.org/1999/xhtml" xml:lang="en" lang="en">
 <head>
  <title>
</title>
<meta http-equiv="Content-Type" content="text/html;charset=utf-8" />
  <meta name='ocr-system' content='tesseract 3.04.00' />
  <meta name='ocr-capabilities' content='ocr_page ocr_carea ocr_par ocr_line ocrx_word'/>
</head>
<body>
  <div class='ocr_page' id='page_1' title='image "./fragmentacomicor02meinuoft_0509.png"; bbox 0 0 1716 3164; ppageno 0'>
   <div class='ocr_carea' id='block_1_1' title="bbox 723 157 1582 204">
    <p class='ocr_par' dir='ltr' id='par_1_1' title="bbox 723 157 1582 204">
     <span class='ocr_line' id='line_1_1' title="bbox 723 157 1582 204; baseline 0.002 -3"><span class='ocrx_word' id='word_1_1' title='bbox 723 157 945 204; x_wconf 86' lang='grc' dir='ltr'><em>ΝΗΣΟΙ.</em></span> <span class='ocrx_word' id='word_1_2' title='bbox 1467 162 1582 204; x_wconf 80' lang='grc' dir='ltr'><strong>11οΊ</strong></span> 
     </span>
    </p>
   </div>
   <div class='ocr_carea' id='block_1_2' title="bbox 102 269 1584 545">
    <p class='ocr_par' dir='ltr' id='par_1_2' title="bbox 102 269 1584 545">
     <span class='ocr_line' id='line_1_2' title="bbox 218 269 1583 330; baseline 0.002 -13"><span class='ocrx_word' id='word_1_3' title='bbox 218 275 458 317; x_wconf 73' lang='lat' dir='ltr'>Athenaeus</span> <span class='ocrx_word' id='word_1_4' title='bbox 489 275 545 317; x_wconf 92' lang='lat' dir='ltr'><strong>lV</strong></span> <span class='ocrx_word' id='word_1_5' title='bbox 583 291 624 330; x_wconf 89' lang='lat' dir='ltr'><strong>p.</strong></span> <span class='ocrx_word' id='word_1_6' title='bbox 657 277 737 318; x_wconf 81' lang='lat'><strong>171</strong></span> <span class='ocrx_word' id='word_1_7' title='bbox 773 277 831 317; x_wconf 87' lang='lat' dir='ltr'><strong>C:</strong></span> <span class='ocrx_word' id='word_1_8' title='bbox 878 271 1067 324; x_wconf 81' lang='grc' dir='ltr'><em>Μήποτε</em></span> <span class='ocrx_word' id='word_1_9' title='bbox 1106 272 1152 315; x_wconf 78' lang='grc' dir='ltr'><strong>δὲ</strong></span> <span class='ocrx_word' id='word_1_10' title='bbox 1192 273 1268 315; x_wconf 84' lang='grc' dir='ltr'><strong>καὶ</strong></span> <span class='ocrx_word' id='word_1_11' title='bbox 1306 269 1359 316; x_wconf 77' lang='grc' dir='ltr'><strong>ὃν</strong></span> <span class='ocrx_word' id='word_1_12' title='bbox 1395 274 1583 320; x_wconf 78' lang='grc' dir='ltr'><strong><em>καλοῦσι</em></strong></span> 
     </span>
     <span class='ocr_line' id='line_1_3' title="bbox 103 339 1582 402; baseline 0.001 -15"><span class='ocrx_word' id='word_1_13' title='bbox 103 344 184 387; x_wconf 78' lang='grc' dir='ltr'><strong>νῦν</strong></span> <span class='ocrx_word' id='word_1_14' title='bbox 235 341 456 400; x_wconf 65' lang='grc' dir='ltr'><strong>εΡωμαῖοι,</strong></span> <span class='ocrx_word' id='word_1_15' title='bbox 500 342 772 400; x_wconf 73' lang='grc' dir='ltr'><strong><em>προγεύστην</em></strong></span> <span class='ocrx_word' id='word_1_16' title='bbox 823 341 922 386; x_wconf 85' lang='grc' dir='ltr'><em>τότε</em></span> <span class='ocrx_word' id='word_1_17' title='bbox 977 345 1021 387; x_wconf 87' lang='grc' dir='ltr'><strong>οἱ</strong></span> <span class='ocrx_word' id='word_1_18' title='bbox 1064 339 1276 396; x_wconf 60' lang='grc' dir='ltr'><strong>ίΈλληνες</strong></span> <span class='ocrx_word' id='word_1_19' title='bbox 1325 346 1582 402; x_wconf 75' lang='grc' dir='ltr'><strong><em>προτένθην</em></strong></span> 
     </span>
     <span class='ocr_line' id='line_1_4' title="bbox 102 412 1582 472; baseline 0.004 -16"><span class='ocrx_word' id='word_1_20' title='bbox 102 412 353 470; x_wconf 73' lang='grc' dir='ltr'><em>ὠνόμαζον,</em></span> <span class='ocrx_word' id='word_1_21' title='bbox 393 413 451 465; x_wconf 77' lang='grc' dir='ltr'><strong>ὠς</strong></span> <span class='ocrx_word' id='word_1_22' title='bbox 486 412 820 472; x_wconf 75' lang='grc' dir='ltr'><strong><em>Ἀριστοφάνης</em></strong></span> <span class='ocrx_word' id='word_1_23' title='bbox 848 416 896 456; x_wconf 80' lang='grc' dir='ltr'><strong>ἐν</strong></span> <span class='ocrx_word' id='word_1_24' title='bbox 925 416 1227 472; x_wconf 81' lang='grc' dir='ltr'><strong><em>προτέραις</em></strong></span> <span class='ocrx_word' id='word_1_25' title='bbox 1256 417 1480 472; x_wconf 80' lang='grc' dir='ltr'><strong><em>Νεφέλαις</em></strong></span> <span class='ocrx_word' id='word_1_26' title='bbox 1508 418 1582 462; x_wconf 74' lang='grc' dir='ltr'><strong>διὰ</strong></span> 
     </span>
     <span class='ocr_line' id='line_1_5' title="bbox 106 482 1584 545; baseline 0.005 -17"><span class='ocrx_word' id='word_1_27' title='bbox 106 484 294 528; x_wconf 81' lang='grc' dir='ltr'><em>τούτων·</em></span> <span class='ocrx_word' id='word_1_28' title='bbox 334 486 441 535; x_wconf 81' lang='grc' dir='ltr'><strong>Πῶς</strong></span> <span class='ocrx_word' id='word_1_29' title='bbox 469 482 522 527; x_wconf 85' lang='grc' dir='ltr'><strong>οὐ</strong></span> <span class='ocrx_word' id='word_1_30' title='bbox 551 485 640 528; x_wconf 82' lang='grc' dir='ltr'><em>κτλ.</em></span> <span class='ocrx_word' id='word_1_31' title='bbox 712 490 765 530; x_wconf 91' lang='lat' dir='ltr'><strong>At</strong></span> <span class='ocrx_word' id='word_1_32' title='bbox 793 488 991 542; x_wconf 88' lang='lat' dir='ltr'><strong>leguntur</strong></span> <span class='ocrx_word' id='word_1_33' title='bbox 1027 489 1073 529; x_wconf 89' lang='lat' dir='ltr'><strong>hi</strong></span> <span class='ocrx_word' id='word_1_34' title='bbox 1102 501 1246 530; x_wconf 85' lang='lat' dir='ltr'><strong>versus</strong></span> <span class='ocrx_word' id='word_1_35' title='bbox 1287 490 1328 534; x_wconf 86' lang='lat' dir='ltr'><strong>in</strong></span> <span class='ocrx_word' id='word_1_36' title='bbox 1359 494 1584 545; x_wconf 81' lang='lat' dir='ltr'><strong>superstite</strong></span> 
     </span>
    </p>
   </div>
   <div class='ocr_carea' id='block_1_3' title="bbox 106 559 1586 612">
    <p class='ocr_par' dir='ltr' id='par_1_3' title="bbox 106 559 1586 612">
     <span class='ocr_line' id='line_1_6' title="bbox 106 559 1586 612; baseline 0.006 -13"><span class='ocrx_word' id='word_1_37' title='bbox 106 560 245 600; x_wconf 78' lang='lat' dir='ltr'><strong>fabula</strong></span> <span class='ocrx_word' id='word_1_38' title='bbox 276 572 312 600; x_wconf 85' lang='lat' dir='ltr'><strong>v.</strong></span> <span class='ocrx_word' id='word_1_39' title='bbox 340 559 450 599; x_wconf 83' lang='lat'>1196</span> <span class='ocrx_word' id='word_1_40' title='bbox 479 571 567 611; x_wconf 90' lang='lat' dir='ltr'><strong>sqq.</strong></span> <span class='ocrx_word' id='word_1_41' title='bbox 598 559 737 612; x_wconf 87' lang='lat' dir='ltr'><strong>itaque</strong></span> <span class='ocrx_word' id='word_1_42' title='bbox 768 573 867 601; x_wconf 87' lang='lat' dir='ltr'><strong>sane</strong></span> <span class='ocrx_word' id='word_1_43' title='bbox 882 560 1122 602; x_wconf 77' lang='lat' dir='ltr'><strong>Athenaeus</strong></span> <span class='ocrx_word' id='word_1_44' title='bbox 1152 560 1316 603; x_wconf 80' lang='lat' dir='ltr'><strong>videtur</strong></span> <span class='ocrx_word' id='word_1_45' title='bbox 1344 562 1387 604; x_wconf 91' lang='lat' dir='ltr'><strong>in</strong></span> <span class='ocrx_word' id='word_1_46' title='bbox 1417 562 1586 608; x_wconf 75' lang='lat' dir='ltr'><strong>fabulae</strong></span> 
     </span>
    </p>
   </div>
   <div class='ocr_carea' id='block_1_4' title="bbox 108 629 728 724">
    <p class='ocr_par' dir='ltr' id='par_1_4' title="bbox 108 629 728 724">
     <span class='ocr_line' id='line_1_7' title="bbox 108 629 523 672; baseline -0.002 -1"><span class='ocrx_word' id='word_1_47' title='bbox 108 630 276 672; x_wconf 90' lang='lat' dir='ltr'><strong>nomine</strong></span> <span class='ocrx_word' id='word_1_48' title='bbox 308 629 523 671; x_wconf 78' lang='lat' dir='ltr'>erravisse.</span> 
     </span>
     <span class='ocr_line' id='line_1_8' title="bbox 706 702 728 724; baseline 0 0"><span class='ocrx_word' id='word_1_49' title='bbox 706 702 728 724; x_wconf 72' lang='lat'>0</span> 
     </span>
    </p>
   </div>
   <div class='ocr_carea' id='block_1_5' title="bbox 714 738 979 746">
    <p class='ocr_par' dir='ltr' id='par_1_5' title="bbox 714 738 979 746">
     <span class='ocr_line' id='line_1_9' title="bbox 714 738 979 746; baseline 0 0"><span class='ocrx_word' id='word_1_50' title='bbox 714 738 979 746; x_wconf 95' lang='lat' dir='ltr'><strong> </strong></span> 
     </span>
    </p>
   </div>
   <div class='ocr_carea' id='block_1_6' title="bbox 618 865 1053 911">
    <p class='ocr_par' dir='ltr' id='par_1_6' title="bbox 618 865 1053 911">
     <span class='ocr_line' id='line_1_10' title="bbox 618 865 1053 911; baseline 0.009 -5"><span class='ocrx_word' id='word_1_51' title='bbox 618 865 669 906; x_wconf 82' lang='lat' dir='ltr'><em>N</em></span> <span class='ocrx_word' id='word_1_52' title='bbox 716 866 768 907; x_wconf 89' lang='lat' dir='ltr'><em>H</em></span> <span class='ocrx_word' id='word_1_53' title='bbox 818 866 863 908; x_wconf 92' lang='grc' dir='ltr'><em>Σ</em></span> <span class='ocrx_word' id='word_1_54' title='bbox 922 866 957 908; x_wconf 90' lang='lat' dir='ltr'><em>O</em></span> <span class='ocrx_word' id='word_1_55' title='bbox 1015 867 1053 911; x_wconf 94' lang='grc' dir='ltr'><strong>Ι.</strong></span> 
     </span>
    </p>
   </div>
   <div class='ocr_carea' id='block_1_7' title="bbox 107 991 1591 2743">
    <p class='ocr_par' dir='ltr' id='par_1_7' title="bbox 107 991 1591 2743">
     <span class='ocr_line' id='line_1_11' title="bbox 220 991 1585 1049; baseline 0.002 -16"><span class='ocrx_word' id='word_1_56' title='bbox 220 992 395 1033; x_wconf 83' lang='lat' dir='ltr'><strong>Veteres</strong></span> <span class='ocrx_word' id='word_1_57' title='bbox 439 991 604 1031; x_wconf 83' lang='lat' dir='ltr'><strong>criticos</strong></span> <span class='ocrx_word' id='word_1_58' title='bbox 649 991 900 1034; x_wconf 82' lang='lat' dir='ltr'><strong>dubitavisse</strong></span> <span class='ocrx_word' id='word_1_59' title='bbox 943 993 1232 1047; x_wconf 82' lang='lat' dir='ltr'><strong>Aristophanis</strong></span> <span class='ocrx_word' id='word_1_60' title='bbox 1287 1007 1338 1035; x_wconf 86' lang='lat' dir='ltr'><strong>an</strong></span> <span class='ocrx_word' id='word_1_61' title='bbox 1382 994 1585 1049; x_wconf 84' lang='lat' dir='ltr'><strong>Archippi</strong></span> 
     </span>
     <span class='ocr_line' id='line_1_12' title="bbox 108 1062 1586 1120; baseline 0.003 -17"><span class='ocrx_word' id='word_1_62' title='bbox 108 1062 213 1103; x_wconf 85' lang='lat' dir='ltr'><strong>haec</strong></span> <span class='ocrx_word' id='word_1_63' title='bbox 259 1069 370 1103; x_wconf 82' lang='lat' dir='ltr'><strong>esset</strong></span> <span class='ocrx_word' id='word_1_64' title='bbox 414 1063 649 1112; x_wconf 83' lang='lat' dir='ltr'><strong>comoedia,</strong></span> <span class='ocrx_word' id='word_1_65' title='bbox 699 1064 876 1104; x_wconf 90' lang='lat' dir='ltr'><strong>indicavi</strong></span> <span class='ocrx_word' id='word_1_66' title='bbox 920 1077 1058 1117; x_wconf 91' lang='lat' dir='ltr'><strong>supra.</strong></span> <span class='ocrx_word' id='word_1_67' title='bbox 1136 1064 1377 1105; x_wconf 83' lang='lat' dir='ltr'><strong>conferatur</strong></span> <span class='ocrx_word' id='word_1_68' title='bbox 1420 1070 1586 1120; x_wconf 90' lang='lat' dir='ltr'><strong>praete-</strong></span> 
     </span>
     <span class='ocr_line' id='line_1_13' title="bbox 107 1124 1585 1192; baseline 0.003 -18"><span class='ocrx_word' id='word_1_69' title='bbox 107 1147 179 1174; x_wconf 87' lang='lat' dir='ltr'><strong>rea</strong></span> <span class='ocrx_word' id='word_1_70' title='bbox 220 1134 367 1174; x_wconf 81' lang='lat' dir='ltr'><strong>Pollux</strong></span> <span class='ocrx_word' id='word_1_71' title='bbox 398 1135 455 1174; x_wconf 92' lang='lat' dir='ltr'><strong>lX</strong></span> <span class='ocrx_word' id='word_1_72' title='bbox 491 1135 571 1174; x_wconf 83' lang='lat'><strong>89:</strong></span> <span class='ocrx_word' id='word_1_73' title='bbox 609 1130 687 1186; x_wconf 71' lang='grc' dir='ltr'><strong>ἐγώ</strong></span> <span class='ocrx_word' id='word_1_74' title='bbox 733 1128 782 1172; x_wconf 75' lang='grc' dir='ltr'><strong>δ’</strong></span> <span class='ocrx_word' id='word_1_75' title='bbox 810 1124 936 1189; x_wconf 74' lang='grc' dir='ltr'><strong><em>εὗρον</em></strong></span> <span class='ocrx_word' id='word_1_76' title='bbox 976 1134 1023 1174; x_wconf 78' lang='grc' dir='ltr'><strong>ἐν</strong></span> <span class='ocrx_word' id='word_1_77' title='bbox 1053 1135 1148 1182; x_wconf 81' lang='grc' dir='ltr'><strong><em>ταῖς</em></strong></span> <span class='ocrx_word' id='word_1_78' title='bbox 1177 1130 1349 1184; x_wconf 83' lang='grc' dir='ltr'><em>Νήσοις</em></span> <span class='ocrx_word' id='word_1_79' title='bbox 1372 1130 1585 1192; x_wconf 71' lang='grc' dir='ltr'><strong><em>Ἀριστο-</em></strong></span> 
     </span>
     <span class='ocr_line' id='line_1_14' title="bbox 108 1198 1585 1261; baseline 0.004 -18"><span class='ocrx_word' id='word_1_80' title='bbox 108 1200 291 1258; x_wconf 80' lang='grc' dir='ltr'><em>φάνους,</em></span> <span class='ocrx_word' id='word_1_81' title='bbox 319 1198 363 1243; x_wconf 67' lang='lat' dir='ltr'><strong>zi</strong></span> <span class='ocrx_word' id='word_1_82' title='bbox 387 1201 449 1257; x_wconf 83' lang='grc' dir='ltr'><strong>μὴ</strong></span> <span class='ocrx_word' id='word_1_83' title='bbox 481 1199 771 1244; x_wconf 74' lang='grc' dir='ltr'><em>ὑποπτεύεται</em></span> <span class='ocrx_word' id='word_1_84' title='bbox 801 1202 851 1244; x_wconf 87' lang='grc' dir='ltr'><strong>τὸ</strong></span> <span class='ocrx_word' id='word_1_85' title='bbox 882 1203 1032 1259; x_wconf 79' lang='grc' dir='ltr'><strong><em>δρᾶμα</em></strong></span> <span class='ocrx_word' id='word_1_86' title='bbox 1057 1201 1115 1254; x_wconf 80' lang='grc' dir='ltr'><strong>ὠς</strong></span> <span class='ocrx_word' id='word_1_87' title='bbox 1138 1201 1502 1261; x_wconf 75' lang='grc' dir='ltr'><strong><em>Ἀριστοφάνους</em></strong></span> <span class='ocrx_word' id='word_1_88' title='bbox 1530 1203 1585 1249; x_wconf 88' lang='grc' dir='ltr'><strong>οὐ</strong></span> 
     </span>
     <span class='ocr_line' id='line_1_15' title="bbox 108 1271 1588 1328; baseline 0.005 -13"><span class='ocrx_word' id='word_1_89' title='bbox 108 1271 301 1328; x_wconf 77' lang='grc' dir='ltr'><em>γνήσιον.</em></span> <span class='ocrx_word' id='word_1_90' title='bbox 361 1277 463 1318; x_wconf 89' lang='lat' dir='ltr'><strong>Aliis</strong></span> <span class='ocrx_word' id='word_1_91' title='bbox 493 1281 630 1317; x_wconf 88' lang='lat' dir='ltr'><strong>tamen</strong></span> <span class='ocrx_word' id='word_1_92' title='bbox 658 1276 702 1317; x_wconf 90' lang='lat' dir='ltr'><strong>in</strong></span> <span class='ocrx_word' id='word_1_93' title='bbox 731 1277 833 1318; x_wconf 92' lang='lat' dir='ltr'><strong>locis</strong></span> <span class='ocrx_word' id='word_1_94' title='bbox 863 1278 1011 1318; x_wconf 85' lang='lat' dir='ltr'><strong>Pollux</strong></span> <span class='ocrx_word' id='word_1_95' title='bbox 1040 1278 1285 1318; x_wconf 85' lang='lat' dir='ltr'><strong>auctoritate</strong></span> <span class='ocrx_word' id='word_1_96' title='bbox 1314 1279 1437 1320; x_wconf 90' lang='lat' dir='ltr'><strong>huius</strong></span> <span class='ocrx_word' id='word_1_97' title='bbox 1466 1279 1588 1323; x_wconf 85' lang='lat' dir='ltr'><strong>fabu-</strong></span> 
     </span>
     <span class='ocr_line' id='line_1_16' title="bbox 109 1349 1586 1405; baseline 0.003 -17"><span class='ocrx_word' id='word_1_98' title='bbox 109 1349 175 1388; x_wconf 86' lang='lat' dir='ltr'><strong>lae</strong></span> <span class='ocrx_word' id='word_1_99' title='bbox 204 1354 397 1399; x_wconf 83' lang='lat' dir='ltr'><strong>tanquam</strong></span> <span class='ocrx_word' id='word_1_100' title='bbox 427 1361 649 1400; x_wconf 84' lang='lat' dir='ltr'><strong>germanae</strong></span> <span class='ocrx_word' id='word_1_101' title='bbox 678 1349 830 1399; x_wconf 88' lang='lat' dir='ltr'><strong>utitur‚</strong></span> <span class='ocrx_word' id='word_1_102' title='bbox 869 1362 1006 1402; x_wconf 89' lang='lat' dir='ltr'><strong>neque</strong></span> <span class='ocrx_word' id='word_1_103' title='bbox 1037 1350 1166 1389; x_wconf 91' lang='lat' dir='ltr'><strong>ceteri</strong></span> <span class='ocrx_word' id='word_1_104' title='bbox 1196 1351 1476 1403; x_wconf 84' lang='lat' dir='ltr'><strong>grammatici,</strong></span> <span class='ocrx_word' id='word_1_105' title='bbox 1514 1352 1586 1405; x_wconf 86' lang='lat' dir='ltr'><strong>qni</strong></span> 
     </span>
     <span class='ocr_line' id='line_1_17' title="bbox 108 1418 1587 1472; baseline 0.002 -12"><span class='ocrx_word' id='word_1_106' title='bbox 108 1419 263 1471; x_wconf 88' lang='lat' dir='ltr'><strong>aliquid</strong></span> <span class='ocrx_word' id='word_1_107' title='bbox 301 1418 399 1458; x_wconf 93' lang='lat' dir='ltr'><strong>hinc</strong></span> <span class='ocrx_word' id='word_1_108' title='bbox 437 1419 671 1471; x_wconf 85' lang='lat' dir='ltr'><strong>petierunt,</strong></span> <span class='ocrx_word' id='word_1_109' title='bbox 709 1419 920 1460; x_wconf 82' lang='lat' dir='ltr'><strong>dubitasse</strong></span> <span class='ocrx_word' id='word_1_110' title='bbox 959 1419 1174 1460; x_wconf 83' lang='lat' dir='ltr'><strong>videntur:</strong></span> <span class='ocrx_word' id='word_1_111' title='bbox 1224 1421 1266 1460; x_wconf 88' lang='lat' dir='ltr'><strong>in</strong></span> <span class='ocrx_word' id='word_1_112' title='bbox 1306 1421 1406 1472; x_wconf 91' lang='lat' dir='ltr'><strong>ipsis</strong></span> <span class='ocrx_word' id='word_1_113' title='bbox 1446 1427 1587 1464; x_wconf 81' lang='lat' dir='ltr'><strong>autem</strong></span> 
     </span>
     <span class='ocr_line' id='line_1_18' title="bbox 107 1490 1588 1546; baseline 0.002 -16"><span class='ocrx_word' id='word_1_114' title='bbox 107 1490 274 1530; x_wconf 87' lang='lat' dir='ltr'><strong>fabulae</strong></span> <span class='ocrx_word' id='word_1_115' title='bbox 318 1490 530 1542; x_wconf 89' lang='lat' dir='ltr'><strong>reliquiis,</strong></span> <span class='ocrx_word' id='word_1_116' title='bbox 574 1502 680 1541; x_wconf 91' lang='lat' dir='ltr'><strong>quae</strong></span> <span class='ocrx_word' id='word_1_117' title='bbox 723 1502 824 1530; x_wconf 89' lang='lat' dir='ltr'><strong>sane</strong></span> <span class='ocrx_word' id='word_1_118' title='bbox 870 1491 1044 1543; x_wconf 80' lang='lat' dir='ltr'><strong>exiguae</strong></span> <span class='ocrx_word' id='word_1_119' title='bbox 1081 1495 1201 1540; x_wconf 86' lang='lat' dir='ltr'><strong>sunt,</strong></span> <span class='ocrx_word' id='word_1_120' title='bbox 1245 1492 1348 1531; x_wconf 83' lang='lat' dir='ltr'><strong>nihil</strong></span> <span class='ocrx_word' id='word_1_121' title='bbox 1387 1494 1588 1546; x_wconf 81' lang='lat' dir='ltr'><strong>reperias,</strong></span> 
     </span>
     <span class='ocr_line' id='line_1_19' title="bbox 109 1560 1586 1615; baseline 0.002 -14"><span class='ocrx_word' id='word_1_122' title='bbox 109 1561 218 1614; x_wconf 91' lang='lat' dir='ltr'><strong>quod</strong></span> <span class='ocrx_word' id='word_1_123' title='bbox 238 1560 513 1613; x_wconf 86' lang='lat' dir='ltr'><strong>Aristophane</strong></span> <span class='ocrx_word' id='word_1_124' title='bbox 543 1560 757 1614; x_wconf 91' lang='lat' dir='ltr'><strong>indignum</strong></span> <span class='ocrx_word' id='word_1_125' title='bbox 787 1562 862 1601; x_wconf 87' lang='lat' dir='ltr'><strong>sit:</strong></span> <span class='ocrx_word' id='word_1_126' title='bbox 891 1562 1031 1613; x_wconf 87' lang='lat' dir='ltr'><strong>itaque</strong></span> <span class='ocrx_word' id='word_1_127' title='bbox 1061 1562 1167 1602; x_wconf 89' lang='lat' dir='ltr'><strong>haec</strong></span> <span class='ocrx_word' id='word_1_128' title='bbox 1198 1563 1364 1614; x_wconf 88' lang='lat' dir='ltr'><strong>quidem</strong></span> <span class='ocrx_word' id='word_1_129' title='bbox 1399 1565 1586 1615; x_wconf 87' lang='lat' dir='ltr'><strong>quaestio</strong></span> 
     </span>
     <span class='ocr_line' id='line_1_20' title="bbox 108 1626 1588 1683; baseline 0.003 -12"><span class='ocrx_word' id='word_1_130' title='bbox 108 1632 150 1672; x_wconf 91' lang='lat' dir='ltr'><strong>in</strong></span> <span class='ocrx_word' id='word_1_131' title='bbox 189 1631 323 1671; x_wconf 86' lang='lat' dir='ltr'><strong>medio</strong></span> <span class='ocrx_word' id='word_1_132' title='bbox 364 1631 632 1683; x_wconf 89' lang='lat' dir='ltr'><strong>relinquenda</strong></span> <span class='ocrx_word' id='word_1_133' title='bbox 670 1637 748 1672; x_wconf 88' lang='lat' dir='ltr'><strong>est.</strong></span> <span class='ocrx_word' id='word_1_134' title='bbox 818 1631 901 1671; x_wconf 91' lang='lat' dir='ltr'><strong>lam</strong></span> <span class='ocrx_word' id='word_1_135' title='bbox 940 1644 1139 1673; x_wconf 88' lang='lat' dir='ltr'><strong>summam</strong></span> <span class='ocrx_word' id='word_1_136' title='bbox 1175 1626 1306 1673; x_wconf 77' lang='lat' dir='ltr'><strong>‘totius</strong></span> <span class='ocrx_word' id='word_1_137' title='bbox 1344 1635 1588 1676; x_wconf 88' lang='lat' dir='ltr'><strong>comoediae</strong></span> 
     </span>
     <span class='ocr_line' id='line_1_21' title="bbox 111 1702 1589 1757; baseline 0.002 -15"><span class='ocrx_word' id='word_1_138' title='bbox 111 1702 235 1742; x_wconf 87' lang='lat' dir='ltr'><strong>facile</strong></span> <span class='ocrx_word' id='word_1_139' title='bbox 265 1703 490 1754; x_wconf 86' lang='lat' dir='ltr'><strong>perspicias</strong></span> <span class='ocrx_word' id='word_1_140' title='bbox 522 1716 570 1742; x_wconf 85' lang='lat' dir='ltr'><strong>ex</strong></span> <span class='ocrx_word' id='word_1_141' title='bbox 601 1702 791 1755; x_wconf 86' lang='lat' dir='ltr'><strong>longiore</strong></span> <span class='ocrx_word' id='word_1_142' title='bbox 820 1702 986 1754; x_wconf 88' lang='lat' dir='ltr'><strong>Fragm.</strong></span> <span class='ocrx_word' id='word_1_143' title='bbox 1019 1703 1049 1753; x_wconf 92' lang='grc' dir='ltr'><strong>Ι,</strong></span> <span class='ocrx_word' id='word_1_144' title='bbox 1090 1703 1200 1756; x_wconf 89' lang='lat' dir='ltr'><strong>quod</strong></span> <span class='ocrx_word' id='word_1_145' title='bbox 1239 1703 1338 1743; x_wconf 89' lang='lat' dir='ltr'><strong>satis</strong></span> <span class='ocrx_word' id='word_1_146' title='bbox 1378 1716 1589 1757; x_wconf 83' lang='lat' dir='ltr'><strong>superque</strong></span> 
     </span>
     <span class='ocr_line' id='line_1_22' title="bbox 111 1773 1588 1825; baseline 0.003 -13"><span class='ocrx_word' id='word_1_147' title='bbox 111 1773 264 1813; x_wconf 88' lang='lat' dir='ltr'><strong>indicat</strong></span> <span class='ocrx_word' id='word_1_148' title='bbox 293 1778 458 1825; x_wconf 90' lang='lat' dir='ltr'><strong>poetam</strong></span> <span class='ocrx_word' id='word_1_149' title='bbox 487 1773 556 1813; x_wconf 91' lang='lat' dir='ltr'><strong>hic</strong></span> <span class='ocrx_word' id='word_1_150' title='bbox 586 1785 750 1825; x_wconf 88' lang='lat' dir='ltr'><strong>quoque</strong></span> <span class='ocrx_word' id='word_1_151' title='bbox 780 1773 893 1825; x_wconf 88' lang='lat' dir='ltr'><strong>pacis</strong></span> <span class='ocrx_word' id='word_1_152' title='bbox 924 1786 1107 1814; x_wconf 90' lang='lat' dir='ltr'><strong>amorem</strong></span> <span class='ocrx_word' id='word_1_153' title='bbox 1138 1773 1293 1814; x_wconf 87' lang='lat' dir='ltr'><strong>civibus</strong></span> <span class='ocrx_word' id='word_1_154' title='bbox 1324 1774 1588 1816; x_wconf 86' lang='lat' dir='ltr'><strong>commenda-</strong></span> 
     </span>
     <span class='ocr_line' id='line_1_23' title="bbox 112 1843 1588 1896; baseline 0.001 -12"><span class='ocrx_word' id='word_1_155' title='bbox 112 1845 221 1884; x_wconf 73' lang='lat' dir='ltr'><strong>visse</strong></span> <span class='ocrx_word' id='word_1_156' title='bbox 252 1849 294 1883; x_wconf 90' lang='lat' dir='ltr'><strong>et</strong></span> <span class='ocrx_word' id='word_1_157' title='bbox 323 1843 595 1896; x_wconf 87' lang='lat' dir='ltr'><strong>agricolarum</strong></span> <span class='ocrx_word' id='word_1_158' title='bbox 627 1844 935 1896; x_wconf 89' lang='lat' dir='ltr'><strong>proborumque</strong></span> <span class='ocrx_word' id='word_1_159' title='bbox 978 1844 1127 1884; x_wconf 81' lang='lat' dir='ltr'><strong>civium</strong></span> <span class='ocrx_word' id='word_1_160' title='bbox 1159 1857 1323 1885; x_wconf 75' lang='lat' dir='ltr'><strong>causam</strong></span> <span class='ocrx_word' id='word_1_161' title='bbox 1354 1849 1498 1886; x_wconf 89' lang='lat' dir='ltr'><strong>contra</strong></span> <span class='ocrx_word' id='word_1_162' title='bbox 1527 1846 1588 1886; x_wconf 87' lang='lat' dir='ltr'><strong>vi-</strong></span> 
     </span>
     <span class='ocr_line' id='line_1_24' title="bbox 112 1914 1588 1967; baseline 0.002 -13"><span class='ocrx_word' id='word_1_163' title='bbox 112 1928 182 1954; x_wconf 87' lang='lat' dir='ltr'><strong>ros</strong></span> <span class='ocrx_word' id='word_1_164' title='bbox 213 1914 435 1967; x_wconf 84' lang='lat' dir='ltr'><strong>populares</strong></span> <span class='ocrx_word' id='word_1_165' title='bbox 465 1914 621 1966; x_wconf 86' lang='lat' dir='ltr'><strong>egisse:</strong></span> <span class='ocrx_word' id='word_1_166' title='bbox 659 1915 1010 1967; x_wconf 88' lang='lat' dir='ltr'><strong>confirmaturque</strong></span> <span class='ocrx_word' id='word_1_167' title='bbox 1047 1915 1153 1955; x_wconf 91' lang='lat' dir='ltr'><strong>haec</strong></span> <span class='ocrx_word' id='word_1_168' title='bbox 1193 1916 1432 1956; x_wconf 86' lang='lat' dir='ltr'><strong>coniectura</strong></span> <span class='ocrx_word' id='word_1_169' title='bbox 1462 1916 1588 1958; x_wconf 86' lang='lat' dir='ltr'><strong>etiam</strong></span> 
     </span>
     <span class='ocr_line' id='line_1_25' title="bbox 110 1985 1591 2038; baseline 0.002 -13"><span class='ocrx_word' id='word_1_170' title='bbox 110 1985 281 2037; x_wconf 87' lang='lat' dir='ltr'><strong>reliquis</strong></span> <span class='ocrx_word' id='word_1_171' title='bbox 311 1985 570 2038; x_wconf 86' lang='lat' dir='ltr'><strong>fragmentis.</strong></span> <span class='ocrx_word' id='word_1_172' title='bbox 629 1985 814 2037; x_wconf 78' lang='lat' dir='ltr'><strong>Tempus</strong></span> <span class='ocrx_word' id='word_1_173' title='bbox 844 1990 996 2035; x_wconf 87' lang='lat' dir='ltr'><strong>autem,</strong></span> <span class='ocrx_word' id='word_1_174' title='bbox 1027 1998 1108 2038; x_wconf 92' lang='lat' dir='ltr'><strong>quo</strong></span> <span class='ocrx_word' id='word_1_175' title='bbox 1136 1985 1278 2026; x_wconf 85' lang='lat' dir='ltr'><strong>fabula</strong></span> <span class='ocrx_word' id='word_1_176' title='bbox 1307 1986 1360 2026; x_wconf 89' lang='lat' dir='ltr'><strong>sit</strong></span> <span class='ocrx_word' id='word_1_177' title='bbox 1389 1990 1493 2037; x_wconf 87' lang='lat' dir='ltr'><strong>acta,</strong></span> <span class='ocrx_word' id='word_1_178' title='bbox 1521 1986 1591 2029; x_wconf 80' lang='lat' dir='ltr'><strong>vix</strong></span> 
     </span>
     <span class='ocr_line' id='line_1_26' title="bbox 109 2056 1588 2109; baseline 0 -12"><span class='ocrx_word' id='word_1_179' title='bbox 109 2058 207 2097; x_wconf 89' lang='lat' dir='ltr'><strong>satis</strong></span> <span class='ocrx_word' id='word_1_180' title='bbox 237 2061 351 2096; x_wconf 91' lang='lat' dir='ltr'><strong>certo</strong></span> <span class='ocrx_word' id='word_1_181' title='bbox 369 2056 553 2106; x_wconf 86' lang='lat' dir='ltr'><strong>definias,</strong></span> <span class='ocrx_word' id='word_1_182' title='bbox 585 2057 916 2109; x_wconf 89' lang='lat' dir='ltr'><strong>quandoquidem</strong></span> <span class='ocrx_word' id='word_1_183' title='bbox 945 2057 1092 2097; x_wconf 81' lang='lat' dir='ltr'><strong>aetatis</strong></span> <span class='ocrx_word' id='word_1_184' title='bbox 1123 2057 1440 2109; x_wconf 86' lang='lat' dir='ltr'><strong>aequaliumque</strong></span> <span class='ocrx_word' id='word_1_185' title='bbox 1468 2060 1588 2098; x_wconf 91' lang='lat' dir='ltr'><strong>nota-</strong></span> 
     </span>
     <span class='ocr_line' id='line_1_27' title="bbox 111 2127 1590 2180; baseline 0.001 -13"><span class='ocrx_word' id='word_1_186' title='bbox 111 2127 293 2167; x_wconf 83' lang='lat' dir='ltr'><strong>tionibus</strong></span> <span class='ocrx_word' id='word_1_187' title='bbox 323 2127 415 2168; x_wconf 82' lang='lat' dir='ltr'><strong>fere</strong></span> <span class='ocrx_word' id='word_1_188' title='bbox 446 2132 587 2167; x_wconf 88' lang='lat' dir='ltr'><strong>carent</strong></span> <span class='ocrx_word' id='word_1_189' title='bbox 602 2128 826 2180; x_wconf 86' lang='lat' dir='ltr'><strong>reliquiae:</strong></span> <span class='ocrx_word' id='word_1_190' title='bbox 857 2132 1094 2168; x_wconf 86' lang='lat' dir='ltr'><strong>nontamen</strong></span> <span class='ocrx_word' id='word_1_191' title='bbox 1110 2127 1273 2167; x_wconf 84' lang='lat' dir='ltr'><strong>videtur</strong></span> <span class='ocrx_word' id='word_1_192' title='bbox 1296 2133 1392 2167; x_wconf 89' lang='lat' dir='ltr'><strong>ante</strong></span> <span class='ocrx_word' id='word_1_193' title='bbox 1411 2128 1476 2167; x_wconf 86' lang='lat'><strong>01.</strong></span> <span class='ocrx_word' id='word_1_194' title='bbox 1491 2127 1590 2168; x_wconf 87' lang='lat' dir='ltr'><strong>XCI</strong></span> 
     </span>
     <span class='ocr_line' id='line_1_28' title="bbox 112 2196 1587 2249; baseline 0 -12"><span class='ocrx_word' id='word_1_195' title='bbox 112 2203 202 2238; x_wconf 83' lang='lat' dir='ltr'><strong>acta</strong></span> <span class='ocrx_word' id='word_1_196' title='bbox 232 2211 350 2238; x_wconf 86' lang='lat' dir='ltr'><strong>esse:</strong></span> <span class='ocrx_word' id='word_1_197' title='bbox 395 2211 488 2237; x_wconf 91' lang='lat' dir='ltr'><strong>nam</strong></span> <span class='ocrx_word' id='word_1_198' title='bbox 519 2199 615 2239; x_wconf 89' lang='lat' dir='ltr'><strong>inde</strong></span> <span class='ocrx_word' id='word_1_199' title='bbox 646 2199 696 2238; x_wconf 89' lang='lat' dir='ltr'><strong>ab</strong></span> <span class='ocrx_word' id='word_1_200' title='bbox 725 2199 797 2238; x_wconf 87' lang='lat' dir='ltr'><strong>illa</strong></span> <span class='ocrx_word' id='word_1_201' title='bbox 826 2203 962 2238; x_wconf 86' lang='lat' dir='ltr'><strong>aetate</strong></span> <span class='ocrx_word' id='word_1_202' title='bbox 991 2197 1185 2238; x_wconf 89' lang='lat' dir='ltr'><strong>inclaruit</strong></span> <span class='ocrx_word' id='word_1_203' title='bbox 1214 2196 1473 2249; x_wconf 87' lang='lat' dir='ltr'><strong>Archippus,</strong></span> <span class='ocrx_word' id='word_1_204' title='bbox 1503 2197 1587 2238; x_wconf 85' lang='lat' dir='ltr'><strong>vid.</strong></span> 
     </span>
     <span class='ocr_line' id='line_1_29' title="bbox 114 2268 1588 2319; baseline 0.001 -12"><span class='ocrx_word' id='word_1_205' title='bbox 114 2269 223 2307; x_wconf 86' lang='lat' dir='ltr'><strong>Hist.</strong></span> <span class='ocrx_word' id='word_1_206' title='bbox 254 2268 343 2307; x_wconf 89' lang='lat' dir='ltr'><strong>crit.</strong></span> <span class='ocrx_word' id='word_1_207' title='bbox 375 2281 480 2307; x_wconf 92' lang='lat' dir='ltr'><strong>com.</strong></span> <span class='ocrx_word' id='word_1_208' title='bbox 513 2282 553 2319; x_wconf 88' lang='lat' dir='ltr'><strong>p.</strong></span> <span class='ocrx_word' id='word_1_209' title='bbox 584 2269 691 2316; x_wconf 79' lang='lat'>205,</span> <span class='ocrx_word' id='word_1_210' title='bbox 732 2268 798 2307; x_wconf 90' lang='lat' dir='ltr'><strong>cui</strong></span> <span class='ocrx_word' id='word_1_211' title='bbox 837 2272 996 2307; x_wconf 89' lang='lat' dir='ltr'><strong>temere</strong></span> <span class='ocrx_word' id='word_1_212' title='bbox 1034 2271 1076 2306; x_wconf 83' lang='lat' dir='ltr'><strong>et</strong></span> <span class='ocrx_word' id='word_1_213' title='bbox 1111 2278 1281 2319; x_wconf 90' lang='lat' dir='ltr'><strong>prorsus</strong></span> <span class='ocrx_word' id='word_1_214' title='bbox 1311 2271 1454 2307; x_wconf 84' lang='lat' dir='ltr'><strong>contra</strong></span> <span class='ocrx_word' id='word_1_215' title='bbox 1482 2271 1588 2308; x_wconf 90' lang='lat' dir='ltr'><strong>tem-</strong></span> 
     </span>
     <span class='ocr_line' id='line_1_30' title="bbox 115 2336 1589 2389; baseline 0.002 -13"><span class='ocrx_word' id='word_1_216' title='bbox 115 2349 263 2389; x_wconf 91' lang='lat' dir='ltr'><strong>porum</strong></span> <span class='ocrx_word' id='word_1_217' title='bbox 292 2337 495 2376; x_wconf 84' lang='lat' dir='ltr'><strong>rationem</strong></span> <span class='ocrx_word' id='word_1_218' title='bbox 525 2342 688 2376; x_wconf 86' lang='lat' dir='ltr'><strong>veteres</strong></span> <span class='ocrx_word' id='word_1_219' title='bbox 731 2338 896 2377; x_wconf 89' lang='lat' dir='ltr'><strong>criticos</strong></span> <span class='ocrx_word' id='word_1_220' title='bbox 941 2337 1048 2376; x_wconf 90' lang='lat' dir='ltr'><strong>hanc</strong></span> <span class='ocrx_word' id='word_1_221' title='bbox 1077 2336 1331 2377; x_wconf 89' lang='lat' dir='ltr'><strong>comoediam</strong></span> <span class='ocrx_word' id='word_1_222' title='bbox 1360 2337 1589 2379; x_wconf 87' lang='lat' dir='ltr'><strong>vindicasse</strong></span> 
     </span>
     <span class='ocr_line' id='line_1_31' title="bbox 116 2407 1589 2460; baseline 0.003 -14"><span class='ocrx_word' id='word_1_223' title='bbox 116 2420 264 2460; x_wconf 86' lang='lat' dir='ltr'><strong>parum</strong></span> <span class='ocrx_word' id='word_1_224' title='bbox 305 2412 369 2447; x_wconf 90' lang='lat' dir='ltr'><strong>est</strong></span> <span class='ocrx_word' id='word_1_225' title='bbox 405 2414 752 2448; x_wconf 81' lang='lat' dir='ltr'><strong>consentaneum:</strong></span> <span class='ocrx_word' id='word_1_226' title='bbox 793 2420 929 2460; x_wconf 83' lang='lat' dir='ltr'><strong>neque</strong></span> <span class='ocrx_word' id='word_1_227' title='bbox 969 2420 1067 2447; x_wconf 84' lang='lat' dir='ltr'><strong>vero</strong></span> <span class='ocrx_word' id='word_1_228' title='bbox 1097 2410 1193 2459; x_wconf 92' lang='lat' dir='ltr'><strong>post</strong></span> <span class='ocrx_word' id='word_1_229' title='bbox 1224 2407 1407 2447; x_wconf 84' lang='lat' dir='ltr'><strong>Euclidis</strong></span> <span class='ocrx_word' id='word_1_230' title='bbox 1437 2421 1589 2450; x_wconf 85' lang='lat' dir='ltr'><strong>annum</strong></span> 
     </span>
     <span class='ocr_line' id='line_1_32' title="bbox 116 2478 1590 2530; baseline 0 -12"><span class='ocrx_word' id='word_1_231' title='bbox 116 2478 236 2518; x_wconf 89' lang='lat' dir='ltr'><strong>docta</strong></span> <span class='ocrx_word' id='word_1_232' title='bbox 273 2482 336 2518; x_wconf 88' lang='lat' dir='ltr'><strong>est</strong></span> <span class='ocrx_word' id='word_1_233' title='bbox 373 2478 609 2527; x_wconf 78' lang='lat' dir='ltr'><strong>comoedia3</strong></span> <span class='ocrx_word' id='word_1_234' title='bbox 646 2478 893 2519; x_wconf 85' lang='lat' dir='ltr'><strong>documento</strong></span> <span class='ocrx_word' id='word_1_235' title='bbox 933 2483 997 2519; x_wconf 86' lang='lat' dir='ltr'><strong>est</strong></span> <span class='ocrx_word' id='word_1_236' title='bbox 1033 2478 1199 2518; x_wconf 85' lang='lat' dir='ltr'><strong>fabulae</strong></span> <span class='ocrx_word' id='word_1_237' title='bbox 1228 2482 1516 2530; x_wconf 87' lang='lat' dir='ltr'><strong>argumentum</strong></span> <span class='ocrx_word' id='word_1_238' title='bbox 1547 2482 1590 2518; x_wconf 88' lang='lat' dir='ltr'><strong>et</strong></span> 
     </span>
     <span class='ocr_line' id='line_1_33' title="bbox 116 2548 1589 2602; baseline -0.001 -14"><span class='ocrx_word' id='word_1_239' title='bbox 116 2549 233 2589; x_wconf 84' lang='lat' dir='ltr'><strong>chori</strong></span> <span class='ocrx_word' id='word_1_240' title='bbox 273 2549 377 2588; x_wconf 84' lang='lat' dir='ltr'><strong>ratio</strong></span> <span class='ocrx_word' id='word_1_241' title='bbox 418 2553 460 2588; x_wconf 87' lang='lat' dir='ltr'><strong>et</strong></span> <span class='ocrx_word' id='word_1_242' title='bbox 497 2548 659 2589; x_wconf 89' lang='lat' dir='ltr'><strong>indoles</strong></span> <span class='ocrx_word' id='word_1_243' title='bbox 695 2562 864 2602; x_wconf 87' lang='lat' dir='ltr'><strong>prorsus</strong></span> <span class='ocrx_word' id='word_1_244' title='bbox 904 2549 956 2589; x_wconf 87' lang='lat' dir='ltr'><strong>ad</strong></span> <span class='ocrx_word' id='word_1_245' title='bbox 996 2550 1205 2601; x_wconf 88' lang='lat' dir='ltr'><strong>antiquam</strong></span> <span class='ocrx_word' id='word_1_246' title='bbox 1235 2548 1491 2588; x_wconf 88' lang='lat' dir='ltr'><strong>comoediam</strong></span> <span class='ocrx_word' id='word_1_247' title='bbox 1520 2561 1589 2588; x_wconf 88' lang='lat' dir='ltr'><strong>ac-</strong></span> 
     </span>
     <span class='ocr_line' id='line_1_34' title="bbox 115 2618 1590 2672; baseline -0.001 -12"><span class='ocrx_word' id='word_1_248' title='bbox 115 2620 387 2668; x_wconf 85' lang='lat' dir='ltr'><strong>commodata,</strong></span> <span class='ocrx_word' id='word_1_249' title='bbox 417 2619 497 2660; x_wconf 90' lang='lat' dir='ltr'><strong>vid.</strong></span> <span class='ocrx_word' id='word_1_250' title='bbox 529 2620 599 2660; x_wconf 87' lang='lat' dir='ltr'><strong>Fr.</strong></span> <span class='ocrx_word' id='word_1_251' title='bbox 631 2619 704 2660; x_wconf 89' lang='lat'><strong>111.</strong></span> <span class='ocrx_word' id='word_1_252' title='bbox 765 2620 930 2660; x_wconf 77' lang='lat' dir='ltr'><strong>induxit</strong></span> <span class='ocrx_word' id='word_1_253' title='bbox 958 2619 1067 2659; x_wconf 88' lang='lat' dir='ltr'><strong>enim</strong></span> <span class='ocrx_word' id='word_1_254' title='bbox 1098 2623 1222 2672; x_wconf 89' lang='lat' dir='ltr'><strong>poeta</strong></span> <span class='ocrx_word' id='word_1_255' title='bbox 1249 2618 1292 2658; x_wconf 89' lang='lat' dir='ltr'><strong>in</strong></span> <span class='ocrx_word' id='word_1_256' title='bbox 1322 2631 1488 2658; x_wconf 84' lang='lat' dir='ltr'><strong>scenam</strong></span> <span class='ocrx_word' id='word_1_257' title='bbox 1517 2618 1590 2658; x_wconf 81' lang='lat' dir='ltr'><strong>In-</strong></span> 
     </span>
     <span class='ocr_line' id='line_1_35' title="bbox 117 2683 1590 2743; baseline -0.001 -13"><span class='ocrx_word' id='word_1_258' title='bbox 117 2690 300 2730; x_wconf 80' lang='lat' dir='ltr'><strong>sulamm</strong></span> <span class='ocrx_word' id='word_1_259' title='bbox 329 2690 517 2739; x_wconf 88' lang='lat' dir='ltr'><strong>chorum,</strong></span> <span class='ocrx_word' id='word_1_260' title='bbox 561 2691 907 2743; x_wconf 84' lang='lat' dir='ltr'><strong>quemadmodum</strong></span> <span class='ocrx_word' id='word_1_261' title='bbox 937 2689 1111 2743; x_wconf 81' lang='lat' dir='ltr'><strong>Eupolis</strong></span> <span class='ocrx_word' id='word_1_262' title='bbox 1139 2689 1181 2729; x_wconf 91' lang='lat' dir='ltr'><strong>in</strong></span> <span class='ocrx_word' id='word_1_263' title='bbox 1212 2683 1409 2728; x_wconf 72' lang='grc' dir='ltr'><strong><em>Πόλεσιν</em></strong></span> <span class='ocrx_word' id='word_1_264' title='bbox 1452 2689 1590 2729; x_wconf 89' lang='lat' dir='ltr'><strong>Urbes</strong></span> 
     </span>
    </p>
   </div>
   <div class='ocr_carea' id='block_1_8' title="bbox 119 2758 1589 2870">
    <p class='ocr_par' dir='ltr' id='par_1_8' title="bbox 119 2758 1589 2870">
     <span class='ocr_line' id='line_1_36' title="bbox 119 2758 1589 2804; baseline -0.002 -3"><span class='ocrx_word' id='word_1_265' title='bbox 119 2772 213 2801; x_wconf 87' lang='lat' dir='ltr'><strong>cum</strong></span> <span class='ocrx_word' id='word_1_266' title='bbox 242 2761 564 2803; x_wconf 75' lang='lat' dir='ltr'><strong>Atheniensibus</strong></span> <span class='ocrx_word' id='word_1_267' title='bbox 593 2762 794 2804; x_wconf 86' lang='lat' dir='ltr'><strong>societate</strong></span> <span class='ocrx_word' id='word_1_268' title='bbox 822 2763 983 2803; x_wconf 85' lang='lat' dir='ltr'><strong>iunctas</strong></span> <span class='ocrx_word' id='word_1_269' title='bbox 1013 2760 1213 2802; x_wconf 88' lang='lat' dir='ltr'><strong>adhibuit.</strong></span> <span class='ocrx_word' id='word_1_270' title='bbox 1283 2759 1447 2800; x_wconf 84' lang='lat' dir='ltr'><strong>Insulae</strong></span> <span class='ocrx_word' id='word_1_271' title='bbox 1478 2758 1589 2799; x_wconf 89' lang='lat' dir='ltr'><strong>enim</strong></span> 
     </span>
     <span class='ocr_line' id='line_1_37' title="bbox 1219 2829 1327 2870; baseline -0.019 0"><span class='ocrx_word' id='word_1_272' title='bbox 1219 2829 1276 2870; x_wconf 77' lang='lat'><strong>7⁰</strong></span> <span class='ocrx_word' id='word_1_273' title='bbox 1309 2833 1327 2850; x_wconf 72' lang='grc'>*</span> 
     </span>
    </p>
   </div>
  </div>
 </body>
</html>
