<?xml version="1.0" encoding="UTF-8"?>
<!DOCTYPE html PUBLIC "-//W3C//DTD XHTML 1.0 Transitional//EN"
    "http://www.w3.org/TR/xhtml1/DTD/xhtml1-transitional.dtd">
<html xmlns="http://www.w3.org/1999/xhtml" xml:lang="en" lang="en">
 <head>
  <title>
</title>
<meta http-equiv="Content-Type" content="text/html;charset=utf-8" />
  <meta name='ocr-system' content='tesseract 3.04.00' />
  <meta name='ocr-capabilities' content='ocr_page ocr_carea ocr_par ocr_line ocrx_word'/>
</head>
<body>
  <div class='ocr_page' id='page_1' title='image "./fragmentacomicor02meinuoft_0141.png"; bbox 0 0 1716 3164; ppageno 0'>
   <div class='ocr_carea' id='block_1_1' title="bbox 658 162 1547 207">
    <p class='ocr_par' dir='ltr' id='par_1_1' title="bbox 658 162 1547 207">
     <span class='ocr_line' id='line_1_1' title="bbox 658 162 1547 207; baseline -0.001 -2"><span class='ocrx_word' id='word_1_1' title='bbox 658 163 710 205; x_wconf 89' lang='lat' dir='ltr'><em>II</em></span> <span class='ocrx_word' id='word_1_2' title='bbox 711 162 842 207; x_wconf 81' lang='grc' dir='ltr'><em>ΕΔΗ</em></span> <span class='ocrx_word' id='word_1_3' title='bbox 844 162 959 205; x_wconf 76' lang='lat' dir='ltr'><em>TA!</em></span> <span class='ocrx_word' id='word_1_4' title='bbox 956 195 966 205; x_wconf 95' lang='lat'><strong><em>.</em></strong></span> <span class='ocrx_word' id='word_1_5' title='bbox 1461 163 1547 205; x_wconf 77' lang='lat'><em>739</em></span> 
     </span>
    </p>
   </div>
   <div class='ocr_carea' id='block_1_2' title="bbox 57 271 1547 916">
    <p class='ocr_par' dir='ltr' id='par_1_2' title="bbox 57 271 1547 916">
     <span class='ocr_line' id='line_1_2' title="bbox 60 271 1545 330; baseline -0.001 -7"><span class='ocrx_word' id='word_1_6' title='bbox 60 277 199 323; x_wconf 80' lang='grc' dir='ltr'><em>αὐτὸν</em></span> <span class='ocrx_word' id='word_1_7' title='bbox 239 278 286 321; x_wconf 79' lang='grc' dir='ltr'><em>ἐν</em></span> <span class='ocrx_word' id='word_1_8' title='bbox 314 275 521 328; x_wconf 76' lang='grc' dir='ltr'><em>Σκύθαις</em></span> <span class='ocrx_word' id='word_1_9' title='bbox 560 275 618 328; x_wconf 74' lang='grc' dir='ltr'><em>ὥς</em></span> <span class='ocrx_word' id='word_1_10' title='bbox 648 275 784 320; x_wconf 81' lang='grc' dir='ltr'><em>λάλον</em></span> <span class='ocrx_word' id='word_1_11' title='bbox 824 273 1029 320; x_wconf 77' lang='grc' dir='ltr'><em>σκώπτει.</em></span> <span class='ocrx_word' id='word_1_12' title='bbox 1089 271 1292 328; x_wconf 85' lang='grc' dir='ltr'><em>Καλλίας</em></span> <span class='ocrx_word' id='word_1_13' title='bbox 1316 275 1545 330; x_wconf 80' lang='grc' dir='ltr'><em>Πεδήταις</em></span> 
     </span>
     <span class='ocr_line' id='line_1_3' title="bbox 64 337 1545 408; baseline -0.001 -14"><span class='ocrx_word' id='word_1_14' title='bbox 64 350 142 402; x_wconf 89' lang='grc' dir='ltr'><em>Τίς</em></span> <span class='ocrx_word' id='word_1_15' title='bbox 170 348 257 408; x_wconf 76' lang='grc' dir='ltr'><em>ἄρα</em></span> <span class='ocrx_word' id='word_1_16' title='bbox 287 348 388 399; x_wconf 80' lang='grc' dir='ltr'><em>τοὺς</em></span> <span class='ocrx_word' id='word_1_17' title='bbox 419 347 714 400; x_wconf 67' lang='grc' dir='ltr'><em>,Μελανθίους</em></span> <span class='ocrx_word' id='word_1_18' title='bbox 742 378 799 384; x_wconf 89' lang='lat'>—</span> <span class='ocrx_word' id='word_1_19' title='bbox 826 343 1007 406; x_wconf 76' lang='grc' dir='ltr'><em>εἰσίδῃς.</em></span> <span class='ocrx_word' id='word_1_20' title='bbox 1065 337 1151 402; x_wconf 81' lang='grc' dir='ltr'><em>εἶχε</em></span> <span class='ocrx_word' id='word_1_21' title='bbox 1188 345 1235 388; x_wconf 77' lang='grc' dir='ltr'><em>δὲ</em></span> <span class='ocrx_word' id='word_1_22' title='bbox 1277 346 1545 402; x_wconf 75' lang='grc' dir='ltr'><strong><em>Μελάνθιος</em></strong></span> 
     </span>
     <span class='ocr_line' id='line_1_4' title="bbox 57 411 1544 480; baseline -0.002 -15"><span class='ocrx_word' id='word_1_23' title='bbox 57 423 237 480; x_wconf 79' lang='grc' dir='ltr'><strong><em>λέπραν.</em></strong></span> <span class='ocrx_word' id='word_1_24' title='bbox 304 425 376 467; x_wconf 90' lang='lat' dir='ltr'><strong>Vs.</strong></span> <span class='ocrx_word' id='word_1_25' title='bbox 407 425 430 464; x_wconf 93' lang='lat'><em>1</em></span> <span class='ocrx_word' id='word_1_26' title='bbox 477 421 569 472; x_wconf 76' lang='grc' dir='ltr'><em>πῶς</em></span> <span class='ocrx_word' id='word_1_27' title='bbox 607 411 696 477; x_wconf 78' lang='grc' dir='ltr'><em>ἆρα</em></span> <span class='ocrx_word' id='word_1_28' title='bbox 734 422 881 475; x_wconf 75' lang='lat' dir='ltr'><strong>scripsi</strong></span> <span class='ocrx_word' id='word_1_29' title='bbox 919 434 995 474; x_wconf 90' lang='lat' dir='ltr'><em>pro</em></span> <span class='ocrx_word' id='word_1_30' title='bbox 1035 420 1149 460; x_wconf 86' lang='lat' dir='ltr'><strong>edito</strong></span> <span class='ocrx_word' id='word_1_31' title='bbox 1189 415 1256 468; x_wconf 83' lang='grc' dir='ltr'><em>τίς</em></span> <span class='ocrx_word' id='word_1_32' title='bbox 1298 416 1400 478; x_wconf 76' lang='grc' dir='ltr'><em>ἄρα.</em></span> <span class='ocrx_word' id='word_1_33' title='bbox 1466 424 1544 466; x_wconf 82' lang='lat' dir='ltr'><strong>Cfr</strong></span> 
     </span>
     <span class='ocr_line' id='line_1_5' title="bbox 59 487 1542 548; baseline -0.001 -11"><span class='ocrx_word' id='word_1_34' title='bbox 59 497 269 537; x_wconf 84' lang='lat' dir='ltr'><strong>Plutarch.</strong></span> <span class='ocrx_word' id='word_1_35' title='bbox 310 496 361 535; x_wconf 88' lang='lat' dir='ltr'><em>de</em></span> <span class='ocrx_word' id='word_1_36' title='bbox 393 507 467 535; x_wconf 86' lang='lat' dir='ltr'><strong>esu</strong></span> <span class='ocrx_word' id='word_1_37' title='bbox 497 509 561 536; x_wconf 82' lang='lat' dir='ltr'><em>an.</em></span> <span class='ocrx_word' id='word_1_38' title='bbox 591 509 631 548; x_wconf 84' lang='lat' dir='ltr'><strong>p.</strong></span> <span class='ocrx_word' id='word_1_39' title='bbox 663 494 808 534; x_wconf 69' lang='lat'>99421:</span> <span class='ocrx_word' id='word_1_40' title='bbox 847 487 963 544; x_wconf 78' lang='grc' dir='ltr'><em>ὑμᾶς</em></span> <span class='ocrx_word' id='word_1_41' title='bbox 996 488 1042 531; x_wconf 77' lang='grc' dir='ltr'><em>δὲ</em></span> <span class='ocrx_word' id='word_1_42' title='bbox 1073 487 1163 540; x_wconf 77' lang='grc' dir='ltr'><em>πῶς</em></span> <span class='ocrx_word' id='word_1_43' title='bbox 1193 488 1273 531; x_wconf 83' lang='grc' dir='ltr'><em>νῦν</em></span> <span class='ocrx_word' id='word_1_44' title='bbox 1302 489 1368 541; x_wconf 89' lang='grc' dir='ltr'><em>τίς</em></span> <span class='ocrx_word' id='word_1_45' title='bbox 1398 488 1542 535; x_wconf 78' lang='grc' dir='ltr'><em>λύσσα</em></span> 
     </span>
     <span class='ocr_line' id='line_1_6' title="bbox 58 561 1540 619; baseline 0.002 -14"><span class='ocrx_word' id='word_1_46' title='bbox 58 561 166 619; x_wconf 79' lang='grc' dir='ltr'><em>ἄγει.</em></span> <span class='ocrx_word' id='word_1_47' title='bbox 239 569 292 606; x_wconf 75' lang='lat' dir='ltr'><em>Et</em></span> <span class='ocrx_word' id='word_1_48' title='bbox 333 566 480 606; x_wconf 78' lang='lat' dir='ltr'><strong>similia</strong></span> <span class='ocrx_word' id='word_1_49' title='bbox 521 566 671 619; x_wconf 84' lang='lat' dir='ltr'><strong>passim</strong></span> <span class='ocrx_word' id='word_1_50' title='bbox 709 565 837 618; x_wconf 83' lang='lat' dir='ltr'><strong>legas.</strong></span> <span class='ocrx_word' id='word_1_51' title='bbox 907 564 977 604; x_wconf 76' lang='lat' dir='ltr'><em>-De</em></span> <span class='ocrx_word' id='word_1_52' title='bbox 1017 562 1252 604; x_wconf 85' lang='lat' dir='ltr'><strong>Melanthio</strong></span> <span class='ocrx_word' id='word_1_53' title='bbox 1292 564 1387 607; x_wconf 86' lang='lat' dir='ltr'><strong>vide</strong></span> <span class='ocrx_word' id='word_1_54' title='bbox 1428 566 1540 609; x_wconf 82' lang='lat' dir='ltr'><strong>nist.</strong></span> 
     </span>
     <span class='ocr_line' id='line_1_7' title="bbox 59 632 1547 693; baseline -0.004 -12"><span class='ocrx_word' id='word_1_55' title='bbox 59 641 151 681; x_wconf 80' lang='lat' dir='ltr'><strong>crit.</strong></span> <span class='ocrx_word' id='word_1_56' title='bbox 182 652 224 693; x_wconf 85' lang='lat' dir='ltr'><em>p.</em></span> <span class='ocrx_word' id='word_1_57' title='bbox 255 639 354 679; x_wconf 79' lang='lat'><strong>206.</strong></span> <span class='ocrx_word' id='word_1_58' title='bbox 1545 632 1547 634; x_wconf 80' lang='grc'><strong><em>·</em></strong></span> 
     </span>
     <span class='ocr_line' id='line_1_8' title="bbox 774 690 828 731; baseline 0.019 -1"><span class='ocrx_word' id='word_1_59' title='bbox 774 690 828 731; x_wconf 85' lang='grc' dir='ltr'><em>Π.</em></span> 
     </span>
     <span class='ocr_line' id='line_1_9' title="bbox 227 766 1356 829; baseline -0.004 -9"><span class='ocrx_word' id='word_1_60' title='bbox 227 779 285 820; x_wconf 91' lang='lat' dir='ltr'><em>A.</em></span> <span class='ocrx_word' id='word_1_61' title='bbox 325 775 382 818; x_wconf 84' lang='lat' dir='ltr'><em>Ti</em></span> <span class='ocrx_word' id='word_1_62' title='bbox 411 772 465 825; x_wconf 81' lang='grc' dir='ltr'><em>δὴ</em></span> <span class='ocrx_word' id='word_1_63' title='bbox 499 771 554 815; x_wconf 78' lang='grc' dir='ltr'><em>σὺ</em></span> <span class='ocrx_word' id='word_1_64' title='bbox 584 774 745 829; x_wconf 76' lang='grc' dir='ltr'><em>σεμνοῖ</em></span> <span class='ocrx_word' id='word_1_65' title='bbox 767 774 844 815; x_wconf 83' lang='grc' dir='ltr'><em>καὶ</em></span> <span class='ocrx_word' id='word_1_66' title='bbox 875 774 1050 829; x_wconf 65' lang='grc' dir='ltr'><em>’[ρονεῖς</em></span> <span class='ocrx_word' id='word_1_67' title='bbox 1075 766 1191 815; x_wconf 75' lang='grc' dir='ltr'><em>οὕτω</em></span> <span class='ocrx_word' id='word_1_68' title='bbox 1219 773 1356 829; x_wconf 75' lang='grc' dir='ltr'><em>μέγας</em></span> 
     </span>
     <span class='ocr_line' id='line_1_10' title="bbox 224 855 1278 916; baseline 0 -13"><span class='ocrx_word' id='word_1_69' title='bbox 224 861 280 906; x_wconf 82' lang='grc' dir='ltr'><em>Β.</em></span> <span class='ocrx_word' id='word_1_70' title='bbox 312 859 451 914; x_wconf 77' lang='grc' dir='ltr'><em>ἔξεστι</em></span> <span class='ocrx_word' id='word_1_71' title='bbox 481 856 564 914; x_wconf 77' lang='grc' dir='ltr'><em>γάρ’</em></span> <span class='ocrx_word' id='word_1_72' title='bbox 592 874 684 914; x_wconf 86' lang='grc' dir='ltr'><em>μοι.</em></span> <span class='ocrx_word' id='word_1_73' title='bbox 741 855 980 915; x_wconf 80' lang='grc' dir='ltr'><em>Σωκράτης</em></span> <span class='ocrx_word' id='word_1_74' title='bbox 1009 857 1092 916; x_wconf 85' lang='grc' dir='ltr'><em>γὰρ</em></span> <span class='ocrx_word' id='word_1_75' title='bbox 1121 859 1278 910; x_wconf 79' lang='grc' dir='ltr'><em>αἴτιος.</em></span> 
     </span>
    </p>
   </div>
   <div class='ocr_carea' id='block_1_3' title="bbox 0 964 1536 1446">
    <p class='ocr_par' dir='ltr' id='par_1_3' title="bbox 0 964 1536 1446">
     <span class='ocr_line' id='line_1_11' title="bbox 165 964 1536 1020; baseline -0.001 -12"><span class='ocrx_word' id='word_1_76' title='bbox 165 968 373 1020; x_wconf 80' lang='lat' dir='ltr'><strong>Diogene·</strong></span> <span class='ocrx_word' id='word_1_77' title='bbox 404 966 542 1006; x_wconf 75' lang='lat' dir='ltr'><strong>Laert.</strong></span> <span class='ocrx_word' id='word_1_78' title='bbox 575 965 614 1005; x_wconf 89' lang='lat' dir='ltr'><em>ll</em></span> <span class='ocrx_word' id='word_1_79' title='bbox 643 965 671 1005; x_wconf 83' lang='lat'>5</span> <span class='ocrx_word' id='word_1_80' title='bbox 701 965 754 1005; x_wconf 87' lang='lat' dir='ltr'><em>de</em></span> <span class='ocrx_word' id='word_1_81' title='bbox 784 964 966 1004; x_wconf 86' lang='lat' dir='ltr'><strong>Socratis</strong></span> <span class='ocrx_word' id='word_1_82' title='bbox 997 976 1091 1004; x_wconf 90' lang='lat' dir='ltr'><em>cum</em></span> <span class='ocrx_word' id='word_1_83' title='bbox 1122 964 1327 1019; x_wconf 82' lang='lat' dir='ltr'><strong>Euripide</strong></span> <span class='ocrx_word' id='word_1_84' title='bbox 1357 964 1536 1007; x_wconf 81' lang='lat' dir='ltr'><strong>familia-</strong></span> 
     </span>
     <span class='ocr_line' id='line_1_12' title="bbox 51 1030 1535 1091; baseline -0.002 -12"><span class='ocrx_word' id='word_1_85' title='bbox 51 1040 173 1080; x_wconf 80' lang='lat' dir='ltr'><strong>ritate</strong></span> <span class='ocrx_word' id='word_1_86' title='bbox 203 1040 433 1079; x_wconf 86' lang='lat' dir='ltr'><strong>disserens:</strong></span> <span class='ocrx_word' id='word_1_87' title='bbox 462 1031 602 1075; x_wconf 81' lang='grc' dir='ltr'><em>ἐδόκει</em></span> <span class='ocrx_word' id='word_1_88' title='bbox 634 1033 680 1076; x_wconf 79' lang='grc' dir='ltr'><em>δὲ</em></span> <span class='ocrx_word' id='word_1_89' title='bbox 710 1036 943 1090; x_wconf 80' lang='grc' dir='ltr'><em>συμποιεῖν</em></span> <span class='ocrx_word' id='word_1_90' title='bbox 970 1030 1194 1091; x_wconf 78' lang='grc' dir='ltr'><em>Εὐριπίδῃ</em></span> <span class='ocrx_word' id='word_1_91' title='bbox 1223 1061 1281 1068; x_wconf 92' lang='lat'>—</span> <span class='ocrx_word' id='word_1_92' title='bbox 1308 1034 1385 1076; x_wconf 87' lang='grc' dir='ltr'><em>καὶ</em></span> <span class='ocrx_word' id='word_1_93' title='bbox 1408 1034 1535 1076; x_wconf 84' lang='grc' dir='ltr'><em>Καλ-</em></span> 
     </span>
     <span class='ocr_line' id='line_1_13' title="bbox 0 1102 1533 1162; baseline 0.001 -13"><span class='ocrx_word' id='word_1_94' title='bbox 0 1104 2 1157; x_wconf 61' lang='lat' dir='ltr'>s</span> <span class='ocrx_word' id='word_1_95' title='bbox 51 1106 148 1158; x_wconf 86' lang='grc' dir='ltr'><em>λίας</em></span> <span class='ocrx_word' id='word_1_96' title='bbox 195 1108 241 1148; x_wconf 80' lang='grc' dir='ltr'><em>ἐν</em></span> <span class='ocrx_word' id='word_1_97' title='bbox 279 1104 508 1158; x_wconf 78' lang='grc' dir='ltr'><em>Πεδήταις</em></span> <span class='ocrx_word' id='word_1_98' title='bbox 545 1102 678 1157; x_wconf 80' lang='grc' dir='ltr'><em>”Ηδη</em></span> <span class='ocrx_word' id='word_1_99' title='bbox 719 1103 778 1148; x_wconf 83' lang='grc' dir='ltr'><em>σὺ</em></span> <span class='ocrx_word' id='word_1_100' title='bbox 815 1106 951 1160; x_wconf 82' lang='grc' dir='ltr'><em>σεμνὴ</em></span> <span class='ocrx_word' id='word_1_101' title='bbox 994 1105 1084 1147; x_wconf 84' lang='grc' dir='ltr'><em>κτλ.</em></span> <span class='ocrx_word' id='word_1_102' title='bbox 1163 1108 1289 1149; x_wconf 86' lang='lat' dir='ltr'><strong>Frob.</strong></span> <span class='ocrx_word' id='word_1_103' title='bbox 1332 1102 1420 1158; x_wconf 78' lang='grc' dir='ltr'><em>ἤδυ</em></span> <span class='ocrx_word' id='word_1_104' title='bbox 1456 1121 1533 1162; x_wconf 90' lang='lat' dir='ltr'><em>pro</em></span> 
     </span>
     <span class='ocr_line' id='line_1_14' title="bbox 50 1173 1533 1234; baseline 0.001 -14"><span class='ocrx_word' id='word_1_105' title='bbox 50 1177 162 1231; x_wconf 80' lang='grc' dir='ltr'><em>ἤδη,</em></span> <span class='ocrx_word' id='word_1_106' title='bbox 204 1187 246 1221; x_wconf 83' lang='lat' dir='ltr'><em>et</em></span> <span class='ocrx_word' id='word_1_107' title='bbox 283 1179 574 1233; x_wconf 60' lang='grc' dir='ltr'><em>καταφρονεῖς</em></span> <span class='ocrx_word' id='word_1_108' title='bbox 613 1193 688 1232; x_wconf 89' lang='lat' dir='ltr'><em>pro</em></span> <span class='ocrx_word' id='word_1_109' title='bbox 728 1179 801 1219; x_wconf 84' lang='grc' dir='ltr'><em>καὶ</em></span> <span class='ocrx_word' id='word_1_110' title='bbox 842 1178 1032 1234; x_wconf 73' lang='grc' dir='ltr'><em>φρονεῖς.</em></span> <span class='ocrx_word' id='word_1_111' title='bbox 1089 1179 1247 1232; x_wconf 83' lang='lat' dir='ltr'><strong>Scripsi</strong></span> <span class='ocrx_word' id='word_1_112' title='bbox 1276 1175 1320 1218; x_wconf 88' lang='grc' dir='ltr'><em>τί</em></span> <span class='ocrx_word' id='word_1_113' title='bbox 1350 1173 1406 1229; x_wconf 87' lang='grc' dir='ltr'><em>δή</em></span> <span class='ocrx_word' id='word_1_114' title='bbox 1437 1192 1533 1221; x_wconf 89' lang='lat' dir='ltr'><em>cum</em></span> 
     </span>
     <span class='ocr_line' id='line_1_15' title="bbox 53 1245 1533 1304; baseline -0.001 -12"><span class='ocrx_word' id='word_1_115' title='bbox 53 1252 267 1292; x_wconf 87' lang='lat' dir='ltr'><strong>Dindorfio</strong></span> <span class='ocrx_word' id='word_1_116' title='bbox 299 1253 464 1304; x_wconf 82' lang='lat' dir='ltr'><strong>Fragm.</strong></span> <span class='ocrx_word' id='word_1_117' title='bbox 496 1251 707 1303; x_wconf 87' lang='lat' dir='ltr'><strong>Aristoph.</strong></span> <span class='ocrx_word' id='word_1_118' title='bbox 738 1265 779 1304; x_wconf 88' lang='lat' dir='ltr'><em>p.</em></span> <span class='ocrx_word' id='word_1_119' title='bbox 809 1252 878 1291; x_wconf 77' lang='lat'><em>21.</em></span> <span class='ocrx_word' id='word_1_120' title='bbox 952 1250 1036 1290; x_wconf 89' lang='lat' dir='ltr'><strong>Pro</strong></span> <span class='ocrx_word' id='word_1_121' title='bbox 1076 1245 1238 1302; x_wconf 81' lang='grc' dir='ltr'><em>σεμνή,</em></span> <span class='ocrx_word' id='word_1_122' title='bbox 1280 1250 1392 1303; x_wconf 88' lang='lat' dir='ltr'><strong>quod</strong></span> <span class='ocrx_word' id='word_1_123' title='bbox 1430 1250 1533 1291; x_wconf 86' lang='lat' dir='ltr'><strong>ferri</strong></span> 
     </span>
     <span class='ocr_line' id='line_1_16' title="bbox 52 1316 1533 1376; baseline 0 -13"><span class='ocrx_word' id='word_1_124' title='bbox 52 1336 133 1363; x_wconf 90' lang='lat' dir='ltr'><em>non</em></span> <span class='ocrx_word' id='word_1_125' title='bbox 171 1327 333 1375; x_wconf 84' lang='lat' dir='ltr'><strong>potest,</strong></span> <span class='ocrx_word' id='word_1_126' title='bbox 374 1322 594 1373; x_wconf 85' lang='lat' dir='ltr'><strong>Menagius</strong></span> <span class='ocrx_word' id='word_1_127' title='bbox 624 1322 830 1362; x_wconf 82' lang='lat' dir='ltr'><strong>scribebat</strong></span> <span class='ocrx_word' id='word_1_128' title='bbox 861 1316 1011 1376; x_wconf 80' lang='grc' dir='ltr'><em>σεμνῇ.</em></span> <span class='ocrx_word' id='word_1_129' title='bbox 1084 1320 1226 1363; x_wconf 86' lang='lat' dir='ltr'><strong>Voluit</strong></span> <span class='ocrx_word' id='word_1_130' title='bbox 1263 1321 1376 1362; x_wconf 81' lang='lat' dir='ltr'><strong>haud</strong></span> <span class='ocrx_word' id='word_1_131' title='bbox 1407 1320 1533 1363; x_wconf 80' lang='lat' dir='ltr'><strong>dubie</strong></span> 
     </span>
     <span class='ocr_line' id='line_1_17' title="bbox 48 1391 1037 1446; baseline -0.001 -13"><span class='ocrx_word' id='word_1_132' title='bbox 48 1393 221 1446; x_wconf 80' lang='grc' dir='ltr'><em>σεμνοῖ,</em></span> <span class='ocrx_word' id='word_1_133' title='bbox 262 1392 374 1445; x_wconf 91' lang='lat' dir='ltr'><strong>quod</strong></span> <span class='ocrx_word' id='word_1_134' title='bbox 414 1393 538 1432; x_wconf 83' lang='lat' dir='ltr'><strong>etiam</strong></span> <span class='ocrx_word' id='word_1_135' title='bbox 570 1391 809 1432; x_wconf 87' lang='lat' dir='ltr'><strong>Dindorfius</strong></span> <span class='ocrx_word' id='word_1_136' title='bbox 848 1391 1037 1432; x_wconf 85' lang='lat' dir='ltr'><strong>coniecit.</strong></span> 
     </span>
    </p>
   </div>
   <div class='ocr_carea' id='block_1_4' title="bbox 752 1505 827 1545">
    <p class='ocr_par' dir='ltr' id='par_1_4' title="bbox 752 1505 827 1545">
     <span class='ocr_line' id='line_1_18' title="bbox 752 1505 827 1545; baseline 0.013 -1"><span class='ocrx_word' id='word_1_137' title='bbox 752 1505 827 1545; x_wconf 87' lang='lat'><em>111.</em></span> 
     </span>
    </p>
   </div>
   <div class='ocr_carea' id='block_1_5' title="bbox 0 1582 1529 2214">
    <p class='ocr_par' dir='ltr' id='par_1_5' title="bbox 0 1582 1529 2214">
     <span class='ocr_line' id='line_1_19' title="bbox 158 1582 1529 1642; baseline -0.001 -10"><span class='ocrx_word' id='word_1_138' title='bbox 158 1591 390 1632; x_wconf 83' lang='lat' dir='ltr'><strong>Scholiasta</strong></span> <span class='ocrx_word' id='word_1_139' title='bbox 421 1589 710 1642; x_wconf 84' lang='lat' dir='ltr'><strong>Aristophanis</strong></span> <span class='ocrx_word' id='word_1_140' title='bbox 740 1591 815 1630; x_wconf 88' lang='lat' dir='ltr'><em>Av.</em></span> <span class='ocrx_word' id='word_1_141' title='bbox 846 1589 924 1630; x_wconf 79' lang='lat'><em>31:</em></span> <span class='ocrx_word' id='word_1_142' title='bbox 953 1582 1013 1636; x_wconf 74' lang='grc' dir='ltr'><em>εἷς</em></span> <span class='ocrx_word' id='word_1_143' title='bbox 1044 1586 1091 1628; x_wconf 81' lang='grc' dir='ltr'><em>δὲ</em></span> <span class='ocrx_word' id='word_1_144' title='bbox 1121 1585 1205 1639; x_wconf 82' lang='grc' dir='ltr'><em>τὴν</em></span> <span class='ocrx_word' id='word_1_145' title='bbox 1234 1585 1418 1639; x_wconf 82' lang='grc' dir='ltr'><em>ποίησιν</em></span> <span class='ocrx_word' id='word_1_146' title='bbox 1447 1583 1529 1630; x_wconf 82' lang='grc' dir='ltr'><em>αὐ-</em></span> 
     </span>
     <span class='ocr_line' id='line_1_20' title="bbox 45 1655 1528 1715; baseline 0 -14"><span class='ocrx_word' id='word_1_147' title='bbox 45 1659 123 1701; x_wconf 86' lang='grc' dir='ltr'><em>τὸν</em></span> <span class='ocrx_word' id='word_1_148' title='bbox 151 1657 454 1715; x_wconf 80' lang='grc' dir='ltr'><em>κεχλευάκασι,</em></span> <span class='ocrx_word' id='word_1_149' title='bbox 492 1657 693 1708; x_wconf 86' lang='grc' dir='ltr'><em>Καλλίας</em></span> <span class='ocrx_word' id='word_1_150' title='bbox 730 1661 810 1714; x_wconf 80' lang='grc' dir='ltr'><em>μὲν</em></span> <span class='ocrx_word' id='word_1_151' title='bbox 840 1658 886 1699; x_wconf 81' lang='grc' dir='ltr'><em>ἐν</em></span> <span class='ocrx_word' id='word_1_152' title='bbox 915 1655 1143 1710; x_wconf 77' lang='grc' dir='ltr'><em>Πεδήταις</em></span> <span class='ocrx_word' id='word_1_153' title='bbox 1182 1659 1293 1700; x_wconf 83' lang='grc' dir='ltr'><em>Καὶ</em></span> <span class='ocrx_word' id='word_1_154' title='bbox 1331 1656 1528 1701; x_wconf 88' lang='grc' dir='ltr'><em>Σάκαν</em></span> 
     </span>
     <span class='ocr_line' id='line_1_21' title="bbox 45 1730 1527 1787; baseline 0 -15"><span class='ocrx_word' id='word_1_155' title='bbox 45 1731 101 1773; x_wconf 81' lang='grc' dir='ltr'><em>οἱ</em></span> <span class='ocrx_word' id='word_1_156' title='bbox 140 1733 304 1787; x_wconf 83' lang='grc' dir='ltr'><em>χοροὶ</em></span> <span class='ocrx_word' id='word_1_157' title='bbox 346 1730 589 1787; x_wconf 85' lang='grc' dir='ltr'><em>μισοῦσι.</em></span> <span class='ocrx_word' id='word_1_158' title='bbox 666 1733 908 1773; x_wconf 85' lang='lat' dir='ltr'><strong>Acestorem</strong></span> <span class='ocrx_word' id='word_1_159' title='bbox 951 1736 1117 1784; x_wconf 80' lang='lat' dir='ltr'><strong>poetam</strong></span> <span class='ocrx_word' id='word_1_160' title='bbox 1170 1733 1371 1785; x_wconf 84' lang='lat' dir='ltr'><strong>tragicum</strong></span> <span class='ocrx_word' id='word_1_161' title='bbox 1414 1732 1527 1783; x_wconf 88' lang='lat' dir='ltr'><strong>dicit,</strong></span> 
     </span>
     <span class='ocr_line' id='line_1_22' title="bbox 45 1802 1526 1858; baseline -0.001 -13"><span class='ocrx_word' id='word_1_162' title='bbox 45 1818 168 1858; x_wconf 82' lang='lat' dir='ltr'><strong>quem</strong></span> <span class='ocrx_word' id='word_1_163' title='bbox 200 1806 345 1846; x_wconf 82' lang='lat' dir='ltr'><strong>sacam</strong></span> <span class='ocrx_word' id='word_1_164' title='bbox 377 1805 597 1853; x_wconf 87' lang='lat' dir='ltr'><strong>vocabant,</strong></span> <span class='ocrx_word' id='word_1_165' title='bbox 636 1805 898 1856; x_wconf 81' lang='lat' dir='ltr'><strong>peregrinam</strong></span> <span class='ocrx_word' id='word_1_166' title='bbox 940 1803 1119 1843; x_wconf 89' lang='lat' dir='ltr'><strong>hominis</strong></span> <span class='ocrx_word' id='word_1_167' title='bbox 1149 1804 1353 1856; x_wconf 83' lang='lat' dir='ltr'><strong>originem</strong></span> <span class='ocrx_word' id='word_1_168' title='bbox 1383 1802 1526 1844; x_wconf 86' lang='lat' dir='ltr'><strong>riden-</strong></span> 
     </span>
     <span class='ocr_line' id='line_1_23' title="bbox 0 1868 1525 1929; baseline -0.001 -14"><span class='ocrx_word' id='word_1_169' title='bbox 0 1922 2 1924; x_wconf 17' lang='lat' dir='ltr'>v</span> <span class='ocrx_word' id='word_1_170' title='bbox 42 1879 123 1917; x_wconf 81' lang='lat' dir='ltr'><strong>tes.</strong></span> <span class='ocrx_word' id='word_1_171' title='bbox 181 1876 354 1916; x_wconf 85' lang='lat' dir='ltr'><strong>Photius</strong></span> <span class='ocrx_word' id='word_1_172' title='bbox 383 1890 424 1928; x_wconf 93' lang='lat' dir='ltr'><strong>p.</strong></span> <span class='ocrx_word' id='word_1_173' title='bbox 456 1875 540 1914; x_wconf 78' lang='lat'><em>496</em></span> <span class='ocrx_word' id='word_1_174' title='bbox 572 1875 647 1914; x_wconf 80' lang='lat'><em>18:</em></span> <span class='ocrx_word' id='word_1_175' title='bbox 677 1870 828 1921; x_wconf 81' lang='grc' dir='ltr'><em>Σάκας</em></span> <span class='ocrx_word' id='word_1_176' title='bbox 858 1871 1105 1912; x_wconf 81' lang='grc' dir='ltr'><em>ἐπεκαλεῖτο</em></span> <span class='ocrx_word' id='word_1_177' title='bbox 1135 1868 1159 1912; x_wconf 87' lang='grc' dir='ltr'>ὁ</span> <span class='ocrx_word' id='word_1_178' title='bbox 1188 1868 1525 1929; x_wconf 75' lang='grc' dir='ltr'><em>τραγῳδοποιὸς</em></span> 
     </span>
     <span class='ocr_line' id='line_1_24' title="bbox 40 1940 1526 2000; baseline 0 -14"><span class='ocrx_word' id='word_1_179' title='bbox 40 1941 264 2000; x_wconf 82' lang='grc' dir='ltr'><em>Ἀκέστωρ</em></span> <span class='ocrx_word' id='word_1_180' title='bbox 292 1943 350 1994; x_wconf 75' lang='grc' dir='ltr'><em>ὥς</em></span> <span class='ocrx_word' id='word_1_181' title='bbox 381 1943 500 1997; x_wconf 72' lang='grc' dir='ltr'><em>ξένος</em></span> <span class='ocrx_word' id='word_1_182' title='bbox 528 1944 603 1985; x_wconf 88' lang='grc' dir='ltr'><em>καὶ</em></span> <span class='ocrx_word' id='word_1_183' title='bbox 634 1940 873 1999; x_wconf 78' lang='grc' dir='ltr'><em>βάρβαρος</em></span> <span class='ocrx_word' id='word_1_184' title='bbox 919 1942 962 1982; x_wconf 83' lang='grc' dir='ltr'><em>οἱ</em></span> <span class='ocrx_word' id='word_1_185' title='bbox 1002 1940 1084 1997; x_wconf 82' lang='grc' dir='ltr'><em>γάρ</em></span> <span class='ocrx_word' id='word_1_186' title='bbox 1114 1940 1261 1984; x_wconf 84' lang='grc' dir='ltr'><em>Σάκαι</em></span> <span class='ocrx_word' id='word_1_187' title='bbox 1290 1942 1526 1986; x_wconf 71' lang='grc' dir='ltr'><em>Σκυθικὸν</em></span> 
     </span>
     <span class='ocr_line' id='line_1_25' title="bbox 43 2006 1526 2070; baseline 0.001 -13"><span class='ocrx_word' id='word_1_188' title='bbox 43 2006 177 2070; x_wconf 75' lang='grc' dir='ltr'><em>γένος.</em></span> <span class='ocrx_word' id='word_1_189' title='bbox 234 2019 427 2059; x_wconf 85' lang='lat' dir='ltr'><strong>Eundem</strong></span> <span class='ocrx_word' id='word_1_190' title='bbox 469 2013 738 2069; x_wconf 75' lang='grc' dir='ltr'><em>στιγματίαν</em></span> <span class='ocrx_word' id='word_1_191' title='bbox 758 2016 877 2056; x_wconf 83' lang='lat' dir='ltr'><strong>&#39;dicit</strong></span> <span class='ocrx_word' id='word_1_192' title='bbox 906 2016 1080 2069; x_wconf 86' lang='lat' dir='ltr'><strong>Eupolis</strong></span> <span class='ocrx_word' id='word_1_193' title='bbox 1112 2016 1236 2058; x_wconf 87' lang='lat' dir='ltr'><strong>Adul.</strong></span> <span class='ocrx_word' id='word_1_194' title='bbox 1268 2017 1287 2057; x_wconf 94' lang='lat'><em>1</em></span> <span class='ocrx_word' id='word_1_195' title='bbox 1319 2017 1387 2058; x_wconf 83' lang='lat'><em>14.</em></span> <span class='ocrx_word' id='word_1_196' title='bbox 1448 2016 1526 2058; x_wconf 79' lang='lat' dir='ltr'><strong>crr</strong></span> 
     </span>
     <span class='ocr_line' id='line_1_26' title="bbox 45 2087 1525 2142; baseline 0 -13"><span class='ocrx_word' id='word_1_197' title='bbox 45 2089 175 2131; x_wconf 84' lang='lat' dir='ltr'><strong>schol.</strong></span> <span class='ocrx_word' id='word_1_198' title='bbox 214 2090 265 2130; x_wconf 80' lang='lat' dir='ltr'><em>ad</em></span> <span class='ocrx_word' id='word_1_199' title='bbox 302 2089 516 2142; x_wconf 87' lang='lat' dir='ltr'><strong>Aristoph.</strong></span> <span class='ocrx_word' id='word_1_200' title='bbox 556 2090 683 2142; x_wconf 79' lang='lat' dir='ltr'><strong>Vesp.</strong></span> <span class='ocrx_word' id='word_1_201' title='bbox 725 2087 850 2127; x_wconf 80' lang='lat'>1216.</span> <span class='ocrx_word' id='word_1_202' title='bbox 930 2087 1088 2127; x_wconf 83' lang='lat' dir='ltr'><strong>Calliae</strong></span> <span class='ocrx_word' id='word_1_203' title='bbox 1132 2088 1258 2129; x_wconf 82' lang='lat' dir='ltr'><strong>verba</strong></span> <span class='ocrx_word' id='word_1_204' title='bbox 1297 2088 1525 2142; x_wconf 81' lang='lat' dir='ltr'><strong>Burgesius</strong></span> 
     </span>
     <span class='ocr_line' id='line_1_27' title="bbox 45 2151 1520 2214; baseline -0.002 -13"><span class='ocrx_word' id='word_1_205' title='bbox 45 2154 159 2201; x_wconf 83' lang='lat' dir='ltr'><strong>recte</strong></span> <span class='ocrx_word' id='word_1_206' title='bbox 188 2161 255 2202; x_wconf 63' lang='grc' dir='ltr'><em>ἱῐεῐ</em></span> <span class='ocrx_word' id='word_1_207' title='bbox 278 2161 472 2214; x_wconf 85' lang='lat' dir='ltr'><strong>corrigit:</strong></span> <span class='ocrx_word' id='word_1_208' title='bbox 502 2158 595 2199; x_wconf 83' lang='grc' dir='ltr'><em>καὶ</em></span> <span class='ocrx_word' id='word_1_209' title='bbox 624 2153 816 2199; x_wconf 85' lang='grc' dir='ltr'><em>Σάκαν</em></span> <span class='ocrx_word' id='word_1_210' title='bbox 845 2157 850 2211; x_wconf 84' lang='lat' dir='ltr'>l</span> <span class='ocrx_word' id='word_1_211' title='bbox 876 2151 942 2197; x_wconf 79' lang='grc' dir='ltr'><em>ὃν</em></span> <span class='ocrx_word' id='word_1_212' title='bbox 971 2156 1028 2197; x_wconf 83' lang='grc' dir='ltr'><em>οἱ</em></span> <span class='ocrx_word' id='word_1_213' title='bbox 1051 2158 1210 2213; x_wconf 86' lang='grc' dir='ltr'><em>χοροὶ</em></span> <span class='ocrx_word' id='word_1_214' title='bbox 1239 2156 1520 2213; x_wconf 86' lang='grc' dir='ltr'><em>μισοῦσιν.</em></span> 
     </span>
    </p>
   </div>
   <div class='ocr_carea' id='block_1_6' title="bbox 0 2271 1524 2556">
    <p class='ocr_par' dir='ltr' id='par_1_6' title="bbox 0 2271 1524 2556">
     <span class='ocr_line' id='line_1_28' title="bbox 736 2271 805 2313; baseline 0 -1"><span class='ocrx_word' id='word_1_215' title='bbox 736 2271 805 2313; x_wconf 83' lang='lat' dir='ltr'><em>lv.</em></span> 
     </span>
     <span class='ocr_line' id='line_1_29' title="bbox 155 2350 1523 2410; baseline -0.001 -13"><span class='ocrx_word' id='word_1_216' title='bbox 155 2358 394 2399; x_wconf 79' lang='lat' dir='ltr'><strong>Athenaeus</strong></span> <span class='ocrx_word' id='word_1_217' title='bbox 434 2356 532 2397; x_wconf 87' lang='lat' dir='ltr'><strong>Vlll</strong></span> <span class='ocrx_word' id='word_1_218' title='bbox 570 2369 610 2408; x_wconf 85' lang='lat' dir='ltr'><strong>p.</strong></span> <span class='ocrx_word' id='word_1_219' title='bbox 641 2355 789 2395; x_wconf 68' lang='lat'>3442:</span> <span class='ocrx_word' id='word_1_220' title='bbox 844 2351 1082 2408; x_wconf 86' lang='grc' dir='ltr'><em>Λάμπωνα</em></span> <span class='ocrx_word' id='word_1_221' title='bbox 1134 2353 1213 2396; x_wconf 84' lang='grc' dir='ltr'><em>τὸν</em></span> <span class='ocrx_word' id='word_1_222' title='bbox 1251 2350 1413 2410; x_wconf 85' lang='grc' dir='ltr'><em>μάντιν</em></span> <span class='ocrx_word' id='word_1_223' title='bbox 1451 2353 1523 2396; x_wconf 80' lang='grc' dir='ltr'><em>ἐπὶ</em></span> 
     </span>
     <span class='ocr_line' id='line_1_30' title="bbox 0 2421 1524 2490; baseline 0 -22"><span class='ocrx_word' id='word_1_224' title='bbox 0 2485 2 2490; x_wconf 11' lang='grc' dir='ltr'><strong>λ</strong></span> <span class='ocrx_word' id='word_1_225' title='bbox 42 2430 133 2476; x_wconf 88' lang='grc' dir='ltr'><em>τοῖς</em></span> <span class='ocrx_word' id='word_1_226' title='bbox 171 2423 343 2481; x_wconf 84' lang='grc' dir='ltr'><em>ὁμοίοις</em></span> <span class='ocrx_word' id='word_1_227' title='bbox 381 2426 473 2476; x_wconf 87' lang='lat' dir='ltr'><strong>(sc.</strong></span> <span class='ocrx_word' id='word_1_228' title='bbox 504 2422 578 2466; x_wconf 81' lang='grc' dir='ltr'><em>ἐπὶ</em></span> <span class='ocrx_word' id='word_1_229' title='bbox 616 2423 669 2482; x_wconf 81' lang='grc' dir='ltr'><em>τῇ</em></span> <span class='ocrx_word' id='word_1_230' title='bbox 707 2421 979 2483; x_wconf 75' lang='grc' dir='ltr'><em>ὀψοφαγίᾳ)</em></span> <span class='ocrx_word' id='word_1_231' title='bbox 1016 2425 1279 2484; x_wconf 74' lang='grc' dir='ltr'><em>κωμῳδοῦσι</em></span> <span class='ocrx_word' id='word_1_232' title='bbox 1320 2423 1524 2476; x_wconf 84' lang='grc' dir='ltr'><em>Καλλίας</em></span> 
     </span>
     <span class='ocr_line' id='line_1_31' title="bbox 44 2491 1520 2556; baseline 0.001 -17"><span class='ocrx_word' id='word_1_233' title='bbox 44 2494 277 2550; x_wconf 84' lang='grc' dir='ltr'><em>Πεδήταις</em></span> <span class='ocrx_word' id='word_1_234' title='bbox 305 2496 379 2538; x_wconf 87' lang='grc' dir='ltr'><em>καὶ</em></span> <span class='ocrx_word' id='word_1_235' title='bbox 409 2492 644 2545; x_wconf 85' lang='grc' dir='ltr'><em>Λύσιππος</em></span> <span class='ocrx_word' id='word_1_236' title='bbox 673 2491 881 2552; x_wconf 84' lang='grc' dir='ltr'><em>Βάκχαις.</em></span> <span class='ocrx_word' id='word_1_237' title='bbox 943 2499 994 2542; x_wconf 89' lang='lat' dir='ltr'><em>V.</em></span> <span class='ocrx_word' id='word_1_238' title='bbox 1024 2499 1174 2556; x_wconf 84' lang='lat' dir='ltr'><strong>fragm.</strong></span> <span class='ocrx_word' id='word_1_239' title='bbox 1205 2499 1364 2542; x_wconf 76' lang='lat' dir='ltr'><strong>Cratini</strong></span> <span class='ocrx_word' id='word_1_240' title='bbox 1391 2513 1433 2554; x_wconf 86' lang='lat' dir='ltr'><strong>p.</strong></span> <span class='ocrx_word' id='word_1_241' title='bbox 1450 2498 1520 2541; x_wconf 79' lang='lat'><em>43.</em></span> 
     </span>
    </p>
   </div>
   <div class='ocr_carea' id='block_1_7' title="bbox 754 2612 806 2654">
    <p class='ocr_par' dir='ltr' id='par_1_7' title="bbox 754 2612 806 2654">
     <span class='ocr_line' id='line_1_32' title="bbox 754 2612 806 2654; baseline 0 0"><span class='ocrx_word' id='word_1_242' title='bbox 754 2612 806 2654; x_wconf 89' lang='lat' dir='ltr'><em>V.</em></span> 
     </span>
    </p>
   </div>
   <div class='ocr_carea' id='block_1_8' title="bbox 49 2690 1522 2880">
    <p class='ocr_par' dir='ltr' id='par_1_8' title="bbox 49 2690 1522 2880">
     <span class='ocr_line' id='line_1_33' title="bbox 151 2690 1522 2753; baseline 0.002 -17"><span class='ocrx_word' id='word_1_243' title='bbox 151 2695 301 2738; x_wconf 80' lang='lat' dir='ltr'><strong>Pollux</strong></span> <span class='ocrx_word' id='word_1_244' title='bbox 312 2696 392 2739; x_wconf 87' lang='lat' dir='ltr'><em>Vll</em></span> <span class='ocrx_word' id='word_1_245' title='bbox 422 2696 528 2736; x_wconf 72' lang='lat'><strong>1132</strong></span> <span class='ocrx_word' id='word_1_246' title='bbox 558 2690 797 2751; x_wconf 81' lang='grc' dir='ltr'><em>τρύπανον,</em></span> <span class='ocrx_word' id='word_1_247' title='bbox 825 2694 1038 2753; x_wconf 81' lang='grc' dir='ltr'><em>τέρετρον,</em></span> <span class='ocrx_word' id='word_1_248' title='bbox 1067 2694 1383 2752; x_wconf 73' lang='grc' dir='ltr'><em>τρυπανοῖχος,</em></span> <span class='ocrx_word' id='word_1_249' title='bbox 1413 2693 1522 2753; x_wconf 79' lang='grc' dir='ltr'><em>ἄρίς.</em></span> 
     </span>
     <span class='ocr_line' id='line_1_34' title="bbox 49 2761 1520 2826; baseline 0.004 -22"><span class='ocrx_word' id='word_1_250' title='bbox 49 2761 246 2815; x_wconf 80' lang='grc' dir='ltr'><em>Καλλίας</em></span> <span class='ocrx_word' id='word_1_251' title='bbox 275 2764 385 2820; x_wconf 87' lang='grc' dir='ltr'><em>γοῦν</em></span> <span class='ocrx_word' id='word_1_252' title='bbox 412 2764 459 2807; x_wconf 82' lang='grc' dir='ltr'><em>ἐν</em></span> <span class='ocrx_word' id='word_1_253' title='bbox 481 2762 709 2818; x_wconf 80' lang='grc' dir='ltr'><em>Πεδήταις</em></span> <span class='ocrx_word' id='word_1_254' title='bbox 738 2765 851 2822; x_wconf 83' lang='grc' dir='ltr'><em>λέγει</em></span> <span class='ocrx_word' id='word_1_255' title='bbox 878 2765 976 2818; x_wconf 82' lang='grc' dir='ltr'><em>τῆς</em></span> <span class='ocrx_word' id='word_1_256' title='bbox 1003 2766 1282 2824; x_wconf 84' lang='grc' dir='ltr'><em>πατρικῆς</em></span> <span class='ocrx_word' id='word_1_257' title='bbox 1308 2763 1520 2826; x_wconf 84' lang='grc' dir='ltr'><em>ἇρίδος.</em></span> 
     </span>
     <span class='ocr_line' id='line_1_35' title="bbox 1144 2839 1250 2880; baseline 0.009 -1"><span class='ocrx_word' id='word_1_258' title='bbox 1144 2839 1199 2880; x_wconf 79' lang='lat'><em>47</em></span> <span class='ocrx_word' id='word_1_259' title='bbox 1232 2841 1250 2864; x_wconf 72' lang='lat'><em>*</em></span> 
     </span>
    </p>
   </div>
  </div>
 </body>
</html>
