1716 3164
598 178 600 180 ·
620 166 980 210 ΔΑΙΤΑΛΕΙΣ.
1422 168 1530 213 1021

58 288 128 333 tur
156 284 300 325 autem
324 292 405 334 qua
434 281 680 324 solennitate
709 283 814 324 haec
843 282 983 324 sabula
1012 284 1102 324 acta
1131 281 1197 324 sit.
1266 281 1323 324 Et
1348 280 1533 325 Rankius

58 353 224 406 quidem
241 353 521 405 p.CCCX1X.
554 354 728 395 Lenaeis
749 354 912 393 doctam
944 366 1036 394 esse
1066 356 1222 402 censet,
1252 353 1328 394 sed
1353 353 1406 394 iis
1432 365 1533 396 usus

15 413 16 416 ¹
54 424 329 476 argumentis,
362 436 467 475 quae
496 425 598 464 nihil
629 425 818 477 probant.
879 424 1148 472 Fritzschins‚
1179 424 1250 476 qui
1279 423 1333 464 de
1361 424 1441 464 hac
1468 423 1531 466 fa-

55 495 152 535 bula
183 494 433 546 singularem
466 495 595 535 edidit
634 493 1022 535 commentationem
1052 494 1165 546 Lips.
1198 480 1332 544 1831.
1353 509 1392 548 p.
1422 496 1449 535 9
1478 495 1531 536 nd

10 598 14 607 ,
53 565 163 605 idem
206 565 359 605 festum
405 564 560 614 refert,
607 566 721 605 nisus
768 564 944 605 maxime
982 564 1063 604 hoe
1104 563 1375 615 documento,
1418 565 1530 618 quod

15 683 17 687 Α
52 640 177 688 poeta
205 635 247 676 in
277 635 613 676 Acharnensibus
643 635 743 675 dicit
773 649 811 676 v.
844 635 978 674 1140:

105 701 377 758 Ἀντίμαχον
406 702 483 744 τὸν
519 699 728 752 Ψακάδος
758 701 837 744 τὸν
865 702 1031 758 μελέων
1059 697 1261 755 ποιητήν,

108 771 167 824 ὦς
194 776 274 828 μὲν
303 770 427 831 ἁπλῷ
455 771 569 830 λόγῳ
597 774 737 823 κακῶς
767 773 1002 826 ἐξολέσειεν
1030 770 1054 815 ὁ
1086 770 1207 823 Ζεύς,

105 839 154 894 ὅς
168 841 210 899 γ’
228 844 300 900 ἐμὲ
318 843 396 887 τὸν
418 842 615 899 τλήμονα
631 842 811 895 Λήναια
829 843 1031 899 χορηγῶν
1054 839 1279 886 ἀπέκλεισ’
1300 840 1526 889 ἄδειπνον.

51 930 158 971 quae
194 918 259 958 vix
296 917 347 958 ad
388 918 508 957 aliam
547 917 753 966 fabulam,
802 929 923 968 quam
961 918 1012 957 ad
1050 917 1319 957 Daetalenses
1354 922 1528 970 possunt

49 988 285 1041 pertinere:
320 989 460 1040 itaque
500 989 535 1029 si
573 988 680 1027 haec
718 990 818 1028 satis
856 1002 954 1028 vera
993 992 1036 1028 et
1075 992 1189 1028 recta
1229 988 1391 1029 ratione
1427 1001 1526 1030 cun-

48 1058 163 1099 clusa
191 1062 298 1107 sunt,
329 1059 598 1100 Antimachus
629 1059 758 1098 choro
788 1050 968 1098 sumtum
999 1058 1291 1110 suppeditavit.

0 1181 1 1184 Ἴ
159 1129 299 1181 ipsum
335 1129 501 1169 fabulae
538 1142 689 1170 nomeu
718 1143 822 1178 rem,
863 1141 968 1181 quae
997 1129 1084 1168 illic
1114 1133 1178 1168 est
1207 1131 1311 1177 acta,
1345 1128 1523 1180 quodam

49 1202 164 1239 certe
191 1199 314 1239 modo
343 1199 545 1248 illustrat,
584 1200 636 1239 de
668 1213 749 1252 quo
780 1200 928 1240 Suidas
967 1200 1071 1239 haec
1107 1199 1227 1238 dicit:
1267 1196 1522 1246 Δαιταλεῖς·

0 1274 1 1289 ³
49 1264 310 1322 δαιτυμόνες
350 1268 425 1308 καὶ
462 1266 689 1308 θιασῶται
726 1268 801 1308 καὶ
841 1263 1067 1319 συμπόται
1104 1267 1178 1307 καὶ
1215 1259 1312 1308 οἷον
1340 1267 1522 1308 συνδαι-

47 1337 204 1387 ταλεῖς,
245 1331 381 1386 οὕτως
419 1333 765 1394 Ἀριστοφάνης.
831 1333 1219 1378 Ἐπιδείπνιον
1257 1336 1523 1390 βασιλεὺς

47 1405 196 1448 θεὰν
224 1404 335 1455 τὀἴς
366 1407 732 1449 δαιταλεῦσιν
759 1400 946 1463 ὥσπερ
976 1404 1272 1460 ἀξιόλογον
1296 1405 1523 1462 χαριζό-

46 1491 208 1533 μενος
248 1474 393 1518 τοῦτ’
435 1476 732 1528 ἐδείκνυεν,
770 1492 876 1531 quae
906 1481 1054 1521 mirum
1086 1486 1173 1531 est,
1204 1480 1315 1533 quod
1344 1481 1522 1521 Dindor-

45 1551 126 1591 fias
155 1551 405 1603 neglexerit,
442 1556 557 1591 recte
600 1552 709 1592 enim
740 1551 924 1591 Rankius
965 1551 1211 1591 existimavit
1244 1564 1293 1591 ex
1324 1551 1412 1604 ipsa
1441 1551 1521 1592 hac

46 1621 260 1662 comoedia
300 1622 430 1674 petita
468 1635 572 1663 esse.
640 1623 760 1663 Adde
791 1623 972 1676 Etymol.
1005 1622 1066 1662 M.
1089 1635 1130 1674 p.
1161 1622 1240 1661 251
1274 1622 1331 1661 40
1360 1627 1404 1662 et
1436 1624 1520 1663 Zo-

46 1705 186 1732 naram
199 1706 244 1744 p.
260 1693 343 1731 464
371 1692 420 1731 5:
450 1690 693 1742 Δαιταλεῖς,
723 1687 747 1731 ὁ
777 1685 1007 1745 εὐωχητής,
1038 1687 1121 1746 ἀφ’
1144 1682 1198 1731 οὗ
1216 1689 1364 1745 δρᾶμα
1391 1687 1520 1746 Ἀρι-

46 1757 297 1815 στοφάνους
324 1757 584 1814 ὠνόμασται
611 1761 842 1810 Δαιταλεῖς
871 1760 961 1804 κτλ.
1001 1767 1043 1803 et
1080 1763 1234 1803 ibidem
1271 1763 1351 1803 alia
1390 1764 1519 1803 inter-

45 1833 222 1886 pretatio
254 1837 406 1882 exstat,
445 1835 674 1886 separanda
703 1848 726 1875 a
756 1834 940 1886 reliquis,
971 1846 1076 1885 quae
1106 1834 1288 1886 pertinet
1318 1833 1369 1873 ad
1399 1834 1518 1875 illum

45 1904 331 1956 Aristophanis
369 1904 529 1944 locum:
580 1902 866 1953 Δαιταλεῦσι,
903 1897 1161 1955 δαιτυμόσι,
1200 1898 1453 1951 θιασώταις
1488 1897 1518 1954 ἢ

44 1969 305 2027 συμπόταις.
362 1974 438 2014 καὶ
464 1972 790 2024 συνδαιταλεῖς,
823 1971 960 2027 ἤγουν
988 1970 1217 2027 εὐωχηταὶ.
1275 1972 1519 2023 Δαιταλεῦς

44 2039 71 2087 ὁ
99 2042 172 2086 ἐπὶ
202 2042 259 2083 τὰ
290 2042 445 2084 δεῖπνα
476 2041 782 2099 πορευόμενος.
827 2046 1110 2086 Memorabilis
1141 2046 1319 2097 denique
1350 2046 1518 2087 Orionis

44 2119 108 2156 est
135 2116 251 2156 locus
280 2130 320 2169 p.
351 2116 410 2155 49
439 2118 490 2156 8:
521 2112 774 2166 Δαιταλεύς,
807 2113 907 2162 δαὶς
935 2113 1088 2164 δαιτὸς
1118 2112 1304 2167 δαιτεὺς,
1334 2115 1410 2156 καὶ
1440 2129 1516 2169 με-

43 2180 188 2232 λανός,
220 2181 451 2238 μελανεύς,
482 2185 678 2235 λέοντος,
712 2182 929 2234 λεοντεύς,
958 2185 1033 2225 καὶ
1064 2183 1326 2241 πλεονασμῷ
1354 2184 1431 2235 τῆς
1459 2184 1517 2226 αλ

45 2251 219 2302 δαιτεὺς
259 2251 514 2302 δαιταλεὺς,
555 2256 629 2295 καὶ
672 2255 902 2302 Δαιταλεῖς
949 2252 1096 2309 δρᾶμα
1145 2251 1514 2310 ’Λριστοᾳάνους,

44 2321 191 2373 ἐπειδὴ
229 2322 275 2362 ἐν
305 2321 402 2380 ἱερῷ
427 2319 688 2377 Ἡρακλέους
729 2322 1002 2372 δειπνοῦντες
1040 2325 1115 2364 καὶ
1145 2321 1414 2373 ἀναστάντες
1433 2339 1515 2379 χο-

44 2393 115 2447 ροὶ
151 2392 363 2444 ἐγένοντο.
435 2395 634 2435 Similiter
672 2397 999 2448 interpretantur
1036 2396 1144 2436 hanc
1181 2408 1324 2436 vocem
1367 2397 1515 2439 Pollux

44 2464 101 2505 VI
132 2464 200 2505 12.
244 2464 435 2504 Eustatli.
466 2478 507 2516 p.
540 2465 650 2505 1424
681 2466 750 2505 23.
796 2465 1033 2518 Hesychius
1061 2479 1098 2506 v,
1129 2461 1389 2514 Δαιταλεύς,
1430 2467 1511 2508 alii.

22 2534 136 2575 ·Hoc
165 2538 302 2574 autem
334 2547 383 2574 ex
411 2534 478 2574 his
499 2536 859 2587 grammaticorum
890 2537 993 2576 locis
1023 2540 1194 2588 apparet
1209 2536 1317 2575 hanc
1345 2549 1513 2578 comoe-

42 2603 149 2646 «liam
181 2616 330 2644 nomen
362 2605 573 2657 accepisse
602 2618 625 2644 a
654 2606 783 2645 choro
814 2607 1090 2654 convivarum,
1120 2606 1189 2656 qui
1219 2606 1260 2645 iu
1290 2605 1387 2646 fano
1401 2607 1512 2647 Her-

43 2672 148 2713 culis
177 2673 346 2725 epulati.
363 2675 467 2723 sint,
506 2674 645 2726 ibique
674 2676 788 2728 regis
818 2688 983 2727 quoque
1011 2676 1168 2727 aliquas
1193 2674 1323 2716 fuisse
1350 2682 1510 2729 partcs=

37 2741 178 2792 itaque
204 2739 424 2791 δαιταλεῖς
453 2756 532 2786 non
564 2749 737 2797 possunt
765 2746 898 2797 quivis
936 2745 1135 2798 appellari
1175 2746 1393 2796 convivae,
1434 2747 1510 2788 sed
