1716 3164
459 139 549 182 NE
550 139 756 184 ΦΕΛΑΙ
792 138 1133 184 ΠΡΟΤΕΡΑΙ.
1428 140 1541 188 1105

57 257 226 308 (ἓοίᾶιο
255 252 523 308 βινουμένω)
554 252 656 297 ἀντὶ
685 255 764 297 τοῦ
793 253 941 311 ξηροί·
974 251 1162 298 σκώπτει
1194 253 1278 311 γὰρ
1307 253 1410 306 τούς
1438 258 1539 314 περὶ

59 323 357 382 Χαιρεφῶντα
394 319 455 375 εἰς
483 322 702 381 ξηρότητα
732 326 808 367 καὶ
838 325 1105 368 ἀσθένειαν·
1146 319 1216 368 ὅτι
1256 325 1304 368 δὲ
1333 323 1540 379 κώνωπος

53 386 170 445 εἶδός
198 395 292 437 ἐστι
321 392 608 446 Σπεύσιππος
635 396 684 438 ἐν
711 396 771 455 τῷ
800 394 842 451 ῤ’
874 397 962 438 τῶν
990 392 1266 452 ὁμοιοτήτων
1294 398 1436 452 φησὶν
1464 393 1540 441 οὕ-

54 480 162 516 τως·
201 464 396 518 ΙΙηνίον·
438 464 586 521 ἐμπίς,
617 465 794 523 κώνωψ.
857 470 1035 512 Videtur
1064 474 1190 522 poeta
1224 470 1538 525 Chaerephonti

53 539 221 580 foedum
263 552 445 580 amorem
486 541 710 592 opprobrio
753 541 951 590 vertisse,
999 544 1041 580 et
1083 538 1263 581 fortasse
1311 554 1394 582 una
1442 554 1537 584 cum

56 610 373 663 Chaerephonte
414 611 634 663 exagitavit
670 612 711 651 in
749 611 821 651 illo
858 623 981 651 versu
1019 610 1250 652 Socratem.
1329 613 1540 664 Quemad-

54 682 222 721 modum
252 684 390 720 autem
421 682 678 733 grammatici
719 682 862 722 dicunt
900 682 970 721 hic
1000 681 1260 733 potissimum
1287 681 1541 724 imbecillam

56 758 98 792 et
128 756 381 791 attenuatam
413 751 750 806 Chaerephontis
779 753 960 806 speciem
1004 752 1164 802 notari,
1198 752 1256 792 ita
1286 752 1435 794 eodem
1464 766 1541 794 no-

55 823 166 863 mine
194 823 353 862 ridetur
382 823 455 862 ille
482 823 523 863 in
555 824 704 877 vespis
735 838 773 865 v.
792 825 929 864 1413:
963 821 1058 863 Καὶ
1092 818 1149 864 σὺ
1173 817 1234 872 δή
1262 835 1342 877 μοι
1374 822 1539 877 Χαιρε-

55 891 152 947 ᾳῶν
199 892 386 935 Γυναικὶ
427 888 648 943 κλητεύων
690 891 835 942 ἔοικας
877 891 1088 950 θαψίνῃ,
1132 889 1248 933 Ἰνοῖ
1286 892 1540 949 κρεμαμένῃ

54 962 162 1017 πρὸς
192 961 342 1002 ποδῶν
370 960 626 1019 Εὐριπίδου.
699 966 761 1006 lta
792 967 901 1006 enim
933 966 1121 1018 corrigo,
1159 965 1282 1017 vulgo
1320 958 1543 1013 κλητεύειν

54 1035 232 1089 legitur,
272 1040 313 1074 at
352 1037 412 1075 sic
451 1037 594 1089 pistrix
634 1037 712 1077 ista
742 1042 1056 1090 compararetur
1082 1048 1175 1076 cum
1207 1035 1281 1076 Ino
1311 1035 1542 1089 Euripidis,

55 1107 171 1146 cuius
215 1106 396 1158 speciem
441 1106 688 1160 Chaerep'no
727 1106 954 1147 referebat.
1032 1108 1088 1148 Et
1131 1106 1273 1147 nescio
1320 1118 1371 1146 an
1415 1110 1541 1159 poeta

56 1189 150 1216 eum
180 1177 220 1216 in
252 1177 439 1217 Nubibus
472 1177 489 1216 l
531 1178 739 1218 vocaverit
777 1173 1037 1227 πύξινον,
1075 1177 1282 1229 siquidem
1319 1177 1542 1218 scholiasta

54 1247 287 1300 vesparum
319 1247 442 1287 dicit:
480 1245 778 1303 Χαιρεφῶντα
808 1246 855 1288 δὲ
886 1244 985 1288 τὸν
1014 1244 1281 1298 πύξινον,
1311 1244 1407 1287 τὸν
1435 1244 1543 1286 Σω-

54 1310 291 1372 κράτους
328 1312 558 1372 ἑταῖρόν
588 1331 724 1374 φησι·
763 1314 929 1359 πάλιν
959 1313 1015 1358 δ’
1047 1314 1191 1358 αὐτὸν
1219 1311 1281 1367 εἰς
1308 1312 1544 1373 ὠχρότητα

55 1382 310 1439 διαβάλλων
347 1382 512 1440 εἰσάγει
549 1387 861 1444 μαρτυροῖντα
904 1388 958 1446 τῇ
988 1383 1271 1444 ἅρτοπώλιδι.
1333 1389 1445 1442 quod
1474 1390 1543 1431 vix

54 1459 106 1500 ad
135 1459 282 1509 aliam,
321 1471 442 1511 quam
473 1460 524 1500 ad
554 1460 661 1501 hanc
692 1461 948 1501 comoediam
980 1465 1118 1514 potest
1147 1460 1312 1500 referri.
1372 1461 1429 1500 Et
1458 1460 1541 1500 So-

54 1531 156 1570 crati
194 1543 358 1583 quoque
395 1531 598 1584 pallorem
636 1533 846 1573 obiecerat
896 1532 939 1572 in
970 1532 1111 1585 priore
1149 1531 1386 1581 comoedia,
1428 1530 1542 1584 quod

55 1601 209 1641 indicat
238 1601 370 1642 schol.
403 1603 526 1656 Vesp.
559 1616 596 1643 v.
633 1603 766 1653 1⁰48,
797 1603 982 1655 quamvis
1011 1602 1086 1642 ille
1114 1602 1156 1642 in
1188 1602 1340 1642 ceteris
1371 1614 1541 1642 errave-

56 1671 130 1711 rit:
168 1670 323 1724 πέρυσι
358 1668 442 1726 γὰρ
479 1669 556 1719 τὰς
595 1670 798 1726 Νεφέλας
836 1669 1063 1723 ἐδίδαξεν,
1098 1669 1147 1711 ἐν
1187 1663 1259 1719 αἷς
1296 1667 1398 1719 τοὺς
1441 1669 1542 1726 περὶ

57 1736 297 1795 Σωκράτην
324 1738 628 1798 ἐκωμιρδησεν,
669 1739 881 1793 ἠπιάλους
918 1742 964 1784 δὲ
994 1739 1157 1791 αὐτούς
1185 1738 1443 1797 ὠνόμασεν,
1482 1736 1543 1790 ὠς

56 1809 282 1868 ω’χρότητα
313 1809 638 1868 περισκιόπτων.

756 1918 832 1959 111.

477 1998 610 2052 Μηδὲ
641 2001 794 2056 στέψω
826 1999 1096 2045 κοτυλίσκον.

173 2116 414 2158 Athenaeus
454 2116 513 2157 xl
560 2130 600 2171 p.
638 2118 722 2158 479
762 2118 821 2159 G:
843 2112 1140 2164 ‘Kotvucmog
1184 2112 1231 2154 δὲ
1276 2110 1474 2154 καλεῖται
1513 2109 1540 2151 ὁ

59 2183 171 2241 ἱερὸς
203 2184 278 2225 τοῦ
309 2182 525 2227 Διονύσου
554 2185 863 2242 κρατηρίσκος,
894 2186 971 2227 καὶ
998 2179 1065 2234 οἷς
1083 2185 1263 2239 χέονται
1287 2181 1331 2223 οἱ
1357 2178 1541 2236 μύσται,

57 2251 116 2302 ὥς
145 2252 396 2309 Νίκανδρός
426 2269 565 2308 φησιν
595 2255 618 2296 ὁ
655 2253 970 2310 Θυατειρηνός,
1017 2255 1378 2310 παρατιθέμενος
1416 2249 1467 2292 τὸ
1496 2250 1543 2292 ἐκ

59 2322 270 2377 Νεφελῶν
296 2320 674 2379 Ἀριστοφάνους·
709 2326 839 2376 Μηδὲ
868 2325 960 2367 κτλ.
1018 2327 1278 2367 Fritzschiua
1308 2325 1447 2378 p.148
1477 2337 1540 2377 aq.

60 2394 340 2443 κοτυλίσκους
370 2398 533 2451 scripsit
563 2403 606 2439 et
634 2399 686 2439 ad
717 2398 932 2440 Eleusinia
961 2399 1157 2452 mysteria
1183 2396 1340 2436 retulit.

764 2513 836 2555 IV.

174 2594 406 2635 Scholiasta
450 2595 567 2636 Pacis
615 2610 651 2637 v.
691 2597 798 2638 348:
860 2590 1123 2649 Φορμίων
1174 2619 1226 2625 —
1277 2585 1416 2630 αὐτοῦ
1465 2588 1542 2643 μέ-

64 2675 227 2716 μνηται
265 2660 289 2703 ὁ
330 2663 518 2718 κωμικὸς
553 2664 603 2706 ἐν
636 2662 839 2707 Ἱππεῦσι
888 2665 964 2707 καὶ
1002 2663 1227 2720 Νεφέλαις
1263 2661 1339 2702 καὶ
1379 2659 1540 2713 Βαβυ-

67 2728 252 2781 λωνὶοις.

127 2814 298 2848 Comoed.
330 2821 399 2849 ant.
892 2841 897 2846 .
1220 2804 1277 2843 70
