1716 3164
244 224 324 263 676
825 222 1097 263 PLATONlS

246 336 314 376 νε.
334 335 378 373 ll
416 332 597 382 Heringa
631 326 714 378 ἤδη
740 325 840 371 'onst
871 333 1278 385 Schweighaeuserus
1308 330 1393 384 ἤδη
1423 331 1521 374 τάδ’
1551 331 1683 375 ἐστίν.

246 404 505 444 Casaubonus
534 395 619 447 ἤδη
651 395 834 439 τοιαῦτά
861 397 924 452 γ’.
983 403 1216 442 Dindorfius
1256 398 1340 452 ἤδη
1369 400 1536 444 τοιαῦτ’
1570 400 1685 446 ἄττ’.

246 472 383 511 Possis
400 471 520 508 etiam
536 466 703 508 τοιαῦτ’
727 465 818 524 ἄρ’.
849 495 905 502 -—
933 472 1004 512 Vs.
1021 472 1073 511 12
1091 472 1184 510 libri
1203 466 1445 528 Ὀρθάννῃ.
1477 477 1535 514 De
1552 475 1685 514 bulbis

245 555 281 579 v.
311 541 459 580 Athen.
491 541 507 580 l
539 555 576 593 p.
607 541 660 580 63
689 553 774 591 sqq.
834 540 935 580 lbid.
967 536 1056 593 τρί’
1085 535 1286 592 ἡμιεκτέα
1317 542 1381 591 (ut
1405 544 1495 582 Cas.
1525 545 1686 595 scripsit

244 623 317 662 pro
331 608 602 665 τριημὶεκτα)
633 614 726 649 sunt
756 603 834 648 δύο
864 605 991 656 ἑκτιῖς
1020 609 1092 648 καὶ
1121 603 1289 661 ἥμισυς.
1321 611 1432 650 Male
1455 612 1683 664 Schweigh.

244 681 604 731 sesquisextarius.
635 704 687 711 —
713 679 781 720 νε.
801 680 866 720 13.
897 680 1043 720 Athen.
1061 680 1116 719 IX
1134 693 1174 731 p.
1190 679 1270 718 395
1286 680 1307 718 f
1313 694 1324 719 ε
1355 677 1398 718 οἱ
1426 676 1678 732 καλούμενοι

244 744 524 801 παραστάται
566 775 619 781 —-
655 742 738 787 εἰσὶ
777 745 826 786 δ’
872 746 914 786 οἱ
956 743 1091 802 ὄρχεις
1130 741 1240 787 οὕτω
1276 744 1542 801 καλούμενοι.
1613 750 1686 789 Cfr

243 819 381 858 Foesii
424 819 520 858 Lex.
559 819 756 870 Hippocr.
793 831 832 869 p.
863 817 958 858 484.
1030 819 1205 859 Scilicet*
1233 819 1434 866 Dioscuri,
1472 819 1596 858 divini
1625 819 1686 858 illi

245 883 435 939 δίδυμοι,
482 889 648 940 proprie
691 882 972 941 παραστάται
1015 888 1274 927 vocabantur.
1360 888 1433 928 Cfr
1460 889 1687 927 Lobeckius

244 957 444 1009 Aglaoph.
473 971 513 1009 p.
544 958 665 997 1232.
715 982 770 988 —--
825 957 894 998 Vs.
925 958 979 996 14
1006 951 1191 1010 μύρτων.
1237 958 1406 997 Photius
1436 971 1474 1009 p.
1505 958 1584 996 281
1618 958 1685 995 10.

242 1021 419 1078 μύρτον,
447 1024 591 1078 σχῆμα
622 1026 737 1076 (fort.
769 1021 952 1079 σχίσμα)
982 1024 1060 1064 τοῦ
1088 1022 1330 1077 γυναικείου
1359 1020 1543 1065 αἰδοίου.
1611 1024 1684 1065 Cf·-

244 1096 389 1136 Pollux
405 1097 441 1135 11
461 1096 542 1136 174
556 1100 596 1135 et
612 1095 738 1135 schol.
755 1096 878 1135 Arist.
895 1096 987 1147 Lys.
1004 1096 1124 1135 1003.
1149 1119 1200 1125 -
1230 1096 1303 1137 νε.
1332 1095 1383 1134 15
1412 1090 1575 1147 λύχνων
1602 1091 1683 1145 γάρ

244 1160 394 1217 ὀσμάς.
441 1167 557 1205 Haec
586 1176 665 1215 quo
695 1167 881 1216 spectent
909 1165 1029 1204 docet
1057 1165 1260 1216 Aristoph.
1293 1165 1407 1204 Eccl.
1437 1165 1504 1203 12.
1534 1158 1688 1215 λύχνον

245 1235 481 1286 adloquens,
513 1229 646 1286 μόνος
682 1230 727 1270 δὲ
754 1232 902 1286 μηρῶν
929 1228 987 1279 εἰς
1016 1228 1284 1286 ἀπορρήτους
1313 1230 1471 1284 μυχούς
1496 1228 1689 1287 λάμπεις,

244 1299 417 1356 άᾳεύων
455 1300 534 1350 τὴν
572 1300 863 1341 ἐπανθοῦσαν
899 1299 1038 1355 τρίχα.
1108 1303 1221 1341 Idem
1262 1302 1434 1354 Lysistr.
1464 1303 1546 1341 827
1584 1299 1688 1351 (τὸν

243 1368 512 1425 σάκανδρον)
545 1368 877 1423 ἀπεψιλωμένον
917 1369 975 1425 τῷ
1011 1366 1159 1425 λύχνῳ.
1202 1391 1255 1397 -
1298 1372 1367 1412 νε.
1397 1372 1450 1411 16
1487 1371 1689 1412 lacobsius

242 1443 450 1495 ingeniose
480 1438 616 1492 πυγῆς
643 1436 824 1494 τετάρτη
854 1436 948 1478 κυνί
979 1452 1034 1479 τε.
1078 1441 1306 1491 „Loquitur
1335 1440 1387 1479 de
1418 1438 1532 1496 πυγῇ
1561 1446 1606 1479 ut
1635 1441 1687 1480 de

242 1507 435 1565 ποπάνῳ,
465 1511 579 1550 cuius
607 1511 767 1564 quadra
797 1509 1036 1562 apponenda
1074 1510 1126 1548 sit
1159 1505 1254 1547 κυνί
1292 1511 1319 1550 i.
1351 1522 1387 1550 e.
1426 1507 1484 1564 τῷ
1521 1504 1686 1564 αἰδοίῳ,

245 1587 287 1622 et
314 1579 577 1632 κυνηγέταις,
608 1581 677 1632 qui
705 1593 763 1619 vs.
795 1580 848 1618 13
876 1579 1132 1631 appellantur
1159 1573 1450 1632 παραστάται.
1521 1581 1687 1620 Marcus

244 1654 412 1703 Argent.
450 1650 592 1702 Epigr.
624 1651 676 1688 16
716 1649 766 1688 de
801 1653 938 1688 scorto
977 1648 1272 1700 impurissimo,
1311 1637 1338 1696 ἦ
1367 1645 1448 1701 γάρ
1478 1644 1500 1687 ὁ
1531 1645 1689 1698 ταύτης

242 1716 423 1771 οὐρανὸς
452 1716 570 1765 ἐντὸς
599 1713 683 1770 ἔχει
709 1717 782 1756 καὶ
809 1715 917 1756 κύνα
946 1716 1020 1756 καὶ
1050 1714 1277 1768 διδύμους,
1319 1718 1389 1757 uhi
1430 1719 1521 1757 vide
1558 1724 1687 1758 notas.

247 1783 498 1840 Φλογόεντα
544 1782 653 1826 κύνα
698 1789 876 1840 appellat
915 1787 1052 1827 Strato
1098 1788 1240 1839 Epigr.
1284 1789 1351 1827 67.
1440 1788 1688 1840 Hesychius,

242 1853 395 1898 Κύων;
438 1855 567 1906 δηλοῖ
597 1855 641 1895 δὲ
677 1843 840 1895 καὶ“τὸ
876 1851 1073 1909 ἀνδρεῖον
1110 1851 1305 1908 μόριον.”
1371 1857 1505 1896 Credo
1551 1863 1686 1897 tamen

243 1928 353 1968 aliud
384 1927 479 1979 quid
510 1927 651 1966 lutere.
694 1950 749 1956 --
793 1926 862 1966 Vs.
894 1926 947 1964 17
975 1921 1177 1978 Λόρδωνι
1233 1926 1292 1964 lta
1323 1926 1584 1966 Casaubonus
1613 1940 1685 1978 pro

241 1992 447 2050 Λόρδωνι.
518 1996 578 2035 De
608 1995 772 2034 nomine
802 1989 1063 2044 Κύβδασος,
1100 1995 1149 2033 ab
1178 1995 1267 2045 ipso
1301 1995 1469 2033 Platone
1498 2001 1543 2033 ut
1573 1995 1685 2035 vide-

241 2068 309 2104 tur
327 2065 438 2114 ficto,
456 2066 550 2105 vide
570 2065 817 2104 Lobeckium
848 2064 898 2102 ad
913 2063 1187 2115 Phrynichum
1204 2077 1243 2115 p.
1263 2064 1357 2103 436.
1378 2064 1416 2114 *)
1474 2064 1586 2103 Libri
1615 2063 1686 2102 xv'<

244 2131 422 2184 βδασοι.
480 2135 667 2174 Correxit
695 2133 988 2184 Dalecampius.
1046 2156 1099 2163 -
1153 2133 1223 2174 Vs.
1255 2132 1308 2171 18
1337 2130 1472 2184 δέρμα
1502 2133 1553 2172 de
1581 2146 1687 2185 pene

244 2203 434 2242 coriaceo
493 2204 785 2255 interpretatur
829 2201 1033 2241 Iacobsius
1084 2201 1191 2252 apud
1244 2201 1687 2254 Schweighaeuserum.

242 2271 402 2312 Alludit
432 2271 552 2311 simul
581 2272 631 2311 ad
660 2266 713 2309 τὰ
744 2264 1013 2322 δερματικόν.
1055 2295 1110 2302 —-
1154 2270 1224 2311 Vs.
1254 2270 1302 2309 21
1351 2271 1534 2323 Hei-iuga
1563 2269 1686 2322 βινη-

243 2337 364 2391 τιᾶν,
404 2341 513 2392 quod
553 2340 604 2380 de
642 2340 881 2380 mulieribus
912 2339 1060 2379 dicitur
1085 2339 1300 2381 rarissime.

919 2450 993 2491 111.

415 2537 998 2586 T*‹3’''’'''‘'
1189 2544 1208 2554 ,,
1417 2540 1519 2567 ‚-

452 2561 481 2584 α
596 2544 773 2600 αλλοτρι
828 2544 918 2585 εσθ
968 2557 1099 2598 ομοια
1131 2557 1223 2592 ταις
1253 2553 1498 2598 παροψισιν

405 2626 544 2683 βραχὺ
572 2625 654 2684 γάρ
684 2642 724 2669 τι
754 2624 971 2682 τέρψαντ’
999 2623 1266 2679 ἐξανάλωται
1295 2622 1414 2680 ταχύ.

328 2770 358 2812 ’)
383 2770 548 2805 Similiter
571 2769 749 2805 formatum
771 2777 824 2807 est
846 2769 1026 2817 Γόργασος
1051 2772 1139 2816 apud
1164 2771 1339 2816 Aristoph.
1363 2768 1511 2806 Aeliam.
1533 2769 1637 2806 1130.
