1716 3164
668 141 726 184 M
726 141 813 184 HA
820 138 909 184 ΟΣ.
1446 145 1531 186 808

51 258 281 315 procedere
314 269 405 298 eam
437 258 732 299 coniecturam.
792 257 894 310 Quis
924 257 1034 298 enim
1049 256 1263 310 Lysander
1290 257 1377 308 ille,
1405 269 1529 311 quem

28 341 175 370 funum
208 329 390 368 omnium
435 329 632 368 orationis
669 327 886 368 lenocinii·
913 328 1136 369 Callistrati
1166 342 1248 370 non
1279 330 1530 370 commoveri

47 399 232 452 potuisse
262 398 360 438 dicit
391 399 716 451 Theopompus,
755 398 993 450 priusquam
1031 399 1273 439 muneribus
1313 400 1402 440 eius
1440 401 1528 441 ani-

49 482 160 509 mum
193 471 498 521 expugnasset?
529 470 584 509 Et
612 480 692 520 quo
724 468 896 507 consilio
927 468 1044 507 illum
1071 468 1384 510 Rhadamantho
1415 484 1527 512 com-

50 542 194 593 parat?
227 540 439 592 Lysander
462 539 814 579 Lacedaemonius
845 539 949 577 obiit
978 538 1090 590 apud
1110 538 1358 588 Haliartum,
1391 542 1526 582 Boeo-

50 611 133 650 tiae
163 612 307 650 urbem
333 608 638 650 Rhadamanthi
668 608 867 648 memoria
897 606 1168 657 nobilitatam,
1202 609 1410 651 Plutarch.
1429 613 1526 664 Lys.

49 681 118 721 25.
175 682 284 721 Num
326 680 388 719 his
419 679 529 720 forte
560 680 620 720 uti
648 679 791 720 licebit
820 679 873 720 ad
904 679 1186 732 explicandam
1219 679 1525 723 Rhadamanthi

51 751 333 791 mentionem?
389 751 444 790 At
485 750 715 803 Lysander*
738 763 977 804 supremum
1021 750 1130 789 diem
1170 750 1270 790 obiit
1306 756 1525 804 antequam

49 822 305 863 Callistratus
335 820 385 859 ad
416 821 711 873 rempublicam
743 827 988 862 accesserat.
1049 821 1190 861 Minus
1230 821 1354 861 etiam
1395 823 1526 864 altera

47 891 430 942 Schweighaeuseri
462 893 699 932 coniectura
730 892 896 944 probari
923 896 1075 944 potest,
1109 904 1187 943 qua
1204 891 1526 935 Rhadamanthi

45 962 258 1015 Lysandri
295 963 460 1001 nomine
508 962 831 1002 Demosthenem
880 962 1126 1015 perstringi,
1169 963 1245 1001 sub
1287 963 1524 1005 Callistrato

45 1039 182 1073 autem
217 1033 451 1084 Philippum
485 1033 759 1073 Macedoniae
789 1046 932 1086 regem
966 1033 1096 1071 latere
1135 1032 1360 1072 existimat:
1403 1047 1524 1086 quam

45 1104 430 1156 interpretationem
470 1107 702 1156 temporum
745 1104 926 1144 ratione·
963 1104 1061 1144 satis
1101 1103 1352 1144 convellunt.
1424 1106 1526 1158 Quis

48 1175 157 1214 enim
195 1173 515 1226 Theopompum
554 1175 605 1215 ad
645 1173 828 1226 Philippi
867 1186 999 1227 usque
1039 1179 1228 1226 tempora
1267 1173 1390 1215 vitam
1426 1188 1525 1228 pro-

47 1245 213 1286 duxisse
247 1243 421 1284 credat?

771 1347 824 1387 ll.

296 1426 423 1486 IIaQ'
457 1428 555 1484 ἐμοὶ
586 1425 641 1470 τὰ
671 1426 774 1472 λίαν
801 1425 1007 1486 μειράκια
1032 1423 1258 1483 χαρίζεται

300 1516 392 1563 τοῖς
422 1511 686 1566 ἡλικιώταις,

155 1629 390 1670 Scholiasta
420 1629 588 1670 Pindari
620 1629 743 1684 Pyth.
775 1631 801 1671 2
831 1629 911 1670 75:
945 1624 1214 1684 χαρίζεσθαι
1252 1624 1338 1681 γὰρ
1367 1623 1525 1682 κυρίως

47 1696 98 1739 τὸ
127 1695 426 1749 συνουσιάζειν
465 1697 658 1752 λέγεται,
696 1693 843 1755 ὥσπερ
878 1696 1141 1753 Θεόπομπος
1179 1697 1226 1738 ἐν
1257 1694 1403 1755 ΝΙήδῳ
1432 1693 1524 1740 εἶσ-

45 1765 141 1822 dyst
170 1761 250 1810 τὸν
280 1766 571 1821 Λυκαβηττόν
601 1768 784 1823 λέγοντα
815 1767 943 1824 Παρ’
974 1769 1072 1824 ἐμοὶ
1103 1767 1157 1809 τὰ
1185 1766 1289 1808 λίαν
1316 1767 1407 1811 κτλ.
1447 1769 1525 1812 ct'r

44 1842 154 1883 nist.
186 1841 276 1882 crit.
303 1855 343 1894 p.
360 1842 458 1882 331.
519 1842 564 1881 In
598 1842 824 1895 Lycabetto
854 1842 1032 1882 fortasse
1062 1843 1236 1895 lupanar
1263 1845 1354 1880 erat
1383 1854 1406 1881 a
1437 1853 1523 1882 ma-

43 1913 169 1954 sculis
198 1913 347 1954 scortis
376 1912 702 1964 frequentatum.

750 2024 823 2064 ΙΙΙ.

153 2109 393 2150 Athenaeus
424 2109 482 2150 xl
513 2123 554 2162 p.
593 2110 740 2151 48111:
780 2105 1033 2163 Νίκανδρος
1073 2105 1098 2149 ὁ
1133 2104 1429 2163 Θυατειρηνὸς
1465 2105 1521 2147 τὸ

36 2177 203 2233 χωρὶς
257 2174 435 2219 ω’τίων
493 2175 763 2234 ποτήριον
819 2176 1097 2231 ὠνομακέναι,
1154 2174 1422 2231 Θεόπομπον
1474 2177 1522 2218 ἐν
1584 2212 1589 2214 ⁷

43 2244 203 2303 Μήδῳ.

551 2526 601 2566 Ν
653 2526 696 2567 Ε
751 2526 808 2567 M
863 2527 906 2568 E
959 2526 1016 2567 A.

212 2644 358 2704 Χώρὲι
385 2646 442 2689 σὺ
470 2647 611 2705 δὸὗρῡ,
646 2648 907 2706 Θηρικλέους
936 2645 1096 2691 πιστόν
1127 2647 1295 2688 τέκνον·

206 2734 414 2784 ,γενναῖον
441 2724 574 2787 εἶδος,
605 2731 747 2789 ὄνομά
778 2749 849 2775 σοι
879 2732 922 2774 τί
954 2730 1181 2787 θώμεθας

1141 2803 1196 2843 51
1233 2806 1250 2822 ⁸
