1716 3158
696 194 896 241 ΦΑΩΝ.
1453 199 1538 240 (373

139 310 201 368 μὴ
231 312 419 370 τέμνειν,
445 309 508 367 μή
542 326 614 354 σοι
644 312 816 368 νέμεσις
845 308 1024 353 θεόθεν
1051 304 1357 368 καταπνεύσῃ·

57 401 110 442 15
139 395 240 440 ἀλλ’
274 391 379 440 ὅλον
409 393 611 449 ὀπτήσας
640 394 866 454 παράθες·
899 393 1064 437 πολλὸν
1091 392 1176 451 γὰρ
1205 391 1400 450 ἄμεινον.

137 479 418 533 πουλύποδος
447 481 605 532 πλεκτι)
638 478 689 524 δ’
715 479 784 533 ἄν,
815 481 908 523 ἐπεὶ
939 476 1062 538 λήψῃ
1089 478 1204 522 κατὰ
1232 476 1403 538 καιρόν,

135 567 260 627 ἑφθὴ
292 569 367 620 τῆς
398 565 547 621 ὀπτῆς,
577 564 632 619 ἢν
661 558 688 627 ᾗ
717 565 887 623 μείζων,
919 564 1033 608 πολὺ
1061 563 1284 622 κρείττων,

135 651 192 706 ἢν
222 653 356 696 ὀπταὶ
384 653 430 695 δὲ
460 649 538 694 δύ’
568 643 668 706 ὦσ’,
698 652 824 712 ἑφθῇ
853 649 1022 699 κλαίειν
1049 646 1262 707 ἀγορεύω.

19 795 21 801 ¹
138 738 288 797 τρίγλη
317 738 345 779 ὃ
360 735 370 749 '
404 737 481 780 οὐκ
510 738 657 780 ἐθέλει
688 737 851 794 νεύρων
877 734 1110 795 ἐπιήρανος
1138 727 1276 777 εἶναι·

20 847 21 851 ’
53 828 109 869 2⁰
138 823 369 881 παρθένου
395 821 655 880 Ἀρτέλιιιὸος
683 822 767 880 γὰρ
798 822 883 881 ἔφυ
910 824 986 865 καὶ
1015 818 1220 877 στύματα
1248 821 1381 878 μισεῖ.

136 907 341 966 σκορπίος
364 899 422 951 αὖ
452 939 507 946 ——
536 910 591 952 B.
625 908 797 952 παίσειέ
811 926 858 965 γε
874 908 956 951 σοῦ
980 907 1059 951 τὸν
1076 906 1276 964 πρωκτὸν
1300 902 1527 951 ὑπελθών.

160 1026 399 1066 Athenaeus
432 1026 447 1065 1
478 1040 519 1079 p.
550 1026 641 1067 512:
680 1025 759 1066 τοῦ
802 1023 1042 1077 Φιλοξένου
1079 1021 1126 1064 δὲ
1163 1019 1243 1063 τοῦ
1278 1017 1531 1063 Λευκαδίου

19 1086 21 1091 ’
49 1091 237 1136 Δείπνου
251 1092 446 1136 Πλάτων
477 1093 500 1136 ὁ
524 1094 854 1154 κωμῳδιοποιὸς
880 1096 1102 1150 μέμνηται
1126 1090 1240 1147 Ἐγώ
1275 1088 1326 1133 δ’
1357 1086 1526 1133 ἐνθάδ’

47 1166 139 1208 κτλ.
206 1170 270 1209 Ex
312 1170 480 1209 Phaone
518 1170 630 1211 hune
667 1171 805 1211 locum
845 1170 1109 1221 desumptum
1150 1180 1244 1207 esse
1273 1166 1365 1219 ipse
1394 1164 1528 1205 Athe-

50 1253 178 1280 naeus
208 1241 331 1279 docet
362 1240 438 1282 Vll
469 1255 509 1293 p.
541 1241 624 1281 325
640 1256 676 1282 a.
715 1243 786 1282 ubi
817 1255 875 1282 vs.
907 1242 962 1281 20
993 1245 1035 1280 et
1064 1239 1117 1279 21
1151 1237 1338 1278 disertim
1370 1248 1420 1276 ex
1448 1233 1529 1276 hae

50 1310 190 1350 fabula
221 1311 465 1360 afferuntur,
497 1317 539 1352 et
555 1313 611 1354 lV
629 1327 668 1365 p.
687 1313 769 1352 146
786 1312 817 1354 f.
847 1313 918 1352 uhi
948 1312 1273 1351 commemorato
1306 1306 1529 1347 Philoxeni

49 1381 238 1434 Cytherii
273 1381 473 1421 Convivio
502 1383 560 1422 ita
590 1385 751 1436 pergit:
792 1381 910 1436 εἴπερ
948 1376 1107 1420 τούτου
1138 1378 1210 1418 καὶ
1242 1373 1266 1418 ὁ
1298 1374 1530 1433 κωμῳδιο-

47 1449 174 1498 ποιὸς
201 1446 395 1490 Πλάτων
424 1451 470 1491 ἐν
499 1450 560 1509 τῷ
587 1450 752 1498 ,Φάωνι
783 1450 1020 1507 ἐμνήσθη,
1051 1452 1128 1491 καὶ
1155 1447 1216 1504 μὴ
1247 1446 1327 1489 τοῦ
1355 1447 1528 1489 Λευκα-

47 1518 146 1562 δίου
180 1520 434 1573 Φιλοξένου.
493 1525 555 1564 De
585 1525 803 1565 Philoxeni
835 1525 1023 1578 Cytherii
1065 1522 1309 1576 Symposio,
1347 1522 1397 1561 ab
1436 1520 1527 1562 aliis

17 1640 19 1642 ,
45 1606 266 1648 perperam
297 1595 527 1636 Philoxeno
558 1596 769 1637 Leucadio
800 1596 1035 1649 adscripto,
1075 1595 1178 1634 dixit
1209 1593 1291 1633 Th.
1327 1593 1527 1645 Bergkius

46 1665 278 1706 Commeat.
309 1680 348 1719 p.
380 1669 478 1708 211,
540 1668 620 1719 Qui
649 1669 746 1707 inde
776 1681 799 1709 a
827 1681 949 1708 versu
981 1673 1097 1707 sexto
1135 1667 1369 1717 sequuntur
1398 1663 1526 1704 hexa-

43 1738 184 1787 metri,
214 1750 296 1778 non
317 1738 459 1791 ipsius
491 1752 583 1779 esse
614 1739 833 1779 Philoxeni
858 1739 933 1779 sed
959 1739 1010 1778 ad
1039 1737 1301 1778 irridendum
1333 1735 1527 1775 Philoxe-

44 1821 143 1850 num
174 1809 226 1848 ab
253 1810 343 1861 ipso
363 1811 536 1850 Platone
566 1823 659 1851 esse
690 1810 1029 1850 confictos‘.idem
1060 1815 1175 1849 recte
1196 1807 1368 1847 monuit.
1408 1806 1480 1847 Vs.
1500 1805 1523 1845 1

43 1878 255 1920 Porsonus
284 1876 362 1932 ἐγώ
398 1874 445 1918 δ’
474 1874 537 1919 ὤν
567 1876 747 1931 ἐνθάδ’,
779 1881 860 1921 Th.
879 1880 1081 1933 Bergkius
1111 1876 1189 1931 ἐγω
1221 1874 1305 1931 γὰρ
1335 1869 1542 1915 ἐνθάδ’(

44 1951 205 1992 Neutro
236 1964 339 2004 opus
372 1957 455 2001 est,
487 1952 522 1992 si
554 1953 726 1992 verbum
757 1951 1107 2004 quadrisyllabum
1138 1951 1223 2001 (—
1254 1975 1310 1980 ——
1341 1960 1367 1986 υ
1397 1949 1453 1999 υ)
1482 1948 1526 1989 in

44 2019 161 2062 initio
191 2034 339 2062 versus
370 2023 550 2075 positum
572 2022 703 2062 fuisse
733 2028 903 2063 statuas.
946 2047 1001 2052 —
1045 2023 1117 2063 Vs.
1148 2023 1174 2061 6
1219 2020 1342 2061 affert
1372 2020 1526 2059 Eusta-

46 2091 158 2132 thius
199 2092 251 2132 ad
286 2092 404 2132 lliad.
442 2106 484 2145 p.
516 2094 626 2133 1164
655 2094 724 2133 25.
762 2094 831 2133 ubi
863 2086 907 2131 δ’
946 2093 1148 2133 insertum
1183 2095 1281 2145 post
1317 2084 1524 2144 ἄρξομαι,

47 2154 156 2214 quod
179 2163 334 2203 habent
365 2164 487 2203 etiam
502 2164 589 2205 BV.
619 2185 674 2193 —-
704 2165 777 2206 Vs.
806 2165 833 2203 7
863 2159 1117 2209 τελευταίας
1147 2162 1418 2203 casaubonus
1447 2173 1524 2213 pro

43 2229 254 2282 τελευτῆς.
314 2234 402 2274 Nec
434 2240 570 2274 tamen
601 2235 716 2274 loeus
748 2240 995 2286 pei-sanatus
1027 2239 1103 2273 est.
1163 2258 1219 2265 —-
1277 2233 1349 2274 Vs.
1380 2232 1408 2270 8
1453 2229 1527 2269 ε’ν-

45 2301 203 2344 ταυθὶ.
265 2304 325 2343 lta
355 2317 431 2356 pro
461 2302 666 2344 ἐνταῦθα
697 2305 947 2344 Dindorfins.
993 2305 1260 2344 casaubonus
1291 2299 1524 2342 ἐνταυθοῖ.

47 2398 103 2406 ·—
131 2375 204 2415 Vs.
234 2375 260 2412 9
290 2371 457 2428 σποδιᾷ
487 2376 608 2415 BCD.
640 2372 804 2422 σποὸιῆ
836 2375 923 2415 VL.
971 2399 1028 2406 —
1076 2374 1145 2414 Vs.
1178 2374 1231 2411 10
1261 2372 1357 2411 libri
1389 2369 1526 2424 δέμας

47 2437 253 2496 α’νορθοῐ,
292 2448 338 2483 ut
375 2444 619 2485 Eustathius
658 2445 710 2485 ad
747 2445 882 2484 Hom.
914 2458 955 2497 p.
988 2444 1098 2484 1283
1139 2444 1218 2483 33:
1270 2438 1464 2481 Πλάτων
1500 2437 1524 2482 ὁ

43 2511 232 2567 κωμικὸς
260 2507 396 2553 εἰπών
425 2513 523 2568 περὶ
552 2512 737 2570 βολβοῦ,
766 2508 814 2561 ὃς
845 2512 980 2562 πολύς
1009 2513 1056 2553 ἐν
1093 2510 1320 2563 Ἀθήναις
1349 2509 1524 2569 φύεται,

44 2576 114 2625 ὅτι
136 2572 193 2623 τὸ
226 2581 361 2637 δέμας
391 2579 607 2639 ἀνορθοῖ,
647 2584 846 2625 τουτέστι
883 2584 934 2624 τὸ
974 2583 1147 2624 αἰδοῖον
1184 2581 1373 2626 ἐντείνει.
1444 2587 1523 2626 Ca-

45 2656 251 2697 naubonus
293 2653 429 2709 δέμας
473 2651 634 2711 ἀνδρὸς
676 2653 884 2712 ἁνορθοῖ.
960 2656 1145 2698 Perfecit
1189 2657 1524 2698 emendationem

46 2726 296 2767 Dindorfius.
354 2727 400 2768 In
425 2728 458 2768 C
488 2732 584 2781 post
621 2742 682 2771 vs.
713 2731 768 2770 10
806 2730 991 2770 additum
1028 2724 1054 2777 ἡ
1088 2724 1216 2780 ψωλὴ
1248 2726 1384 2781 ὸεμας
1414 2723 1524 2770 ἐστί.

0 2810 4 2817 ’
44 2795 146 2838 Post
181 2810 239 2839 vs.
272 2798 323 2838 11
364 2798 606 2841 Athenaeus
642 2801 699 2841 ita
738 2801 904 2854 pergit:
944 2799 1021 2840 καὶ
1061 2795 1172 2853 μετὰ
1208 2793 1367 2854 μικρόν
1411 2792 1522 2839 Οὐδὲ

101 2877 268 2913 Comoed.
293 2881 366 2914 ant·
1196 2869 1254 2909 43
