1716 3164
1658 0 1716 186 ’ἲ

219 294 330 334 fecto
367 294 438 333 illo
477 305 581 332 anno
620 293 733 332 nervi
774 295 1009 335 comoediae
1047 295 1135 334 elisi
1170 300 1309 336 erant.
1349 297 1487 350 itaque
1541 298 1662 338 etiam

220 363 326 402 hanc
355 362 534 401 fabulam
566 363 691 414 magis
722 364 983 415 compositam
1013 365 1304 416 remissamque
1332 366 1466 406 fuisse
1491 380 1663 407 consen-

220 436 384 471 taneum
409 436 484 471 est.
523 432 764 471 Existimant
783 438 916 472 autem
935 433 1157 482 Bentleius‚
1187 425 1445 483 Sueve‘rnius‚
1474 437 1542 475 alii
1568 438 1664 475 Am-

217 500 375 552 phiarai
413 501 710 552 expeditionem
752 503 945 541 adversus
980 503 1145 541 Thebas
1175 502 1394 542 exhibitam
1432 503 1580 553 fuisse,
1621 508 1666 543 ut
1711 498 1716 546 ‘s

218 570 360 609 Niciae
390 571 696 610 cunctabundus
727 572 881 611 animus
920 572 960 611 in
991 571 1128 611 Sicula
1157 571 1415 622 expeditione
1446 576 1539 611 ante
1571 586 1667 612 ocu·
1711 570 1714 574 ’

218 639 281 678 los
311 640 586 692 spectantibus
605 645 927 693 proponeretur3
958 653 1076 692 quam
1107 642 1380 682 coniecturam
1408 641 1469 679 illi
1504 653 1552 680 ex
1581 642 1667 680 solo
1707 671 1712 681 .

220 176 304 224 950
754 182 1165 227 ARISTOPHAMS

219 708 384 748 nomine
413 709 629 758 fecerunt,
670 723 844 761 namque
874 710 974 749 nihil
1005 710 1209 761 reperitur
1237 710 1278 749 in
1310 710 1542 749 comoediae
1571 710 1668 749 reli-

218 778 344 828 quiis,
378 779 486 829 quod
531 779 638 818 hanc
673 777 1168 830 opinionem‘confirmet.
1236 781 1288 819 At
1326 791 1473 818 nomen
1512 768 1716 892 accepite

217 846 356 886 fabula
393 849 442 887 ab
481 849 725 899 Amphiarao
772 848 923 895 heroe,
979 848 1048 898 qui
1090 847 1234 886 divinis
1269 847 1493 887 honoribus
1534 847 1667 889 cultus

217 929 298 955 non
327 917 459 956 solum
489 917 793 957 consulentibus
822 917 984 956 oracula
1013 916 1173 964 edebat,
1203 928 1342 956 verum
1373 917 1493 956 etiam
1515 917 1667 968 pariter

219 990 340 1036 atque
375 987 641 1037 Aesculapius
682 986 834 1025 morbis
873 986 1121 1025 medebatur.
1186 986 1418 1037 Amphiarai
1457 986 1665 1025 oraculum

216 1054 259 1092 in
300 1056 486 1094 confiniis
517 1056 675 1096 Atticae
714 1059 754 1094 et
793 1056 990 1094 Boeotiae
1030 1067 1108 1093 non
1139 1055 1281 1106 procul
1318 1055 1369 1094 ob
1399 1055 1537 1106 Oropo
1565 1057 1664 1102 erat,

220 1122 548 1163 vid.1’ausan.1
579 1125 633 1163 34
666 1125 702 1172 1,
734 1124 802 1174 qui
833 1124 984 1163 deinde
1014 1123 1147 1163 addit.
1176 1122 1359 1175 Λέγεται
1389 1120 1434 1160 δὲ
1459 1117 1666 1175 Ἀμφια-

217 1188 306 1245 ράω
326 1186 535 1243 φεύγοντι
573 1190 617 1230 ἐκ
651 1190 726 1243 (my
724 1191 809 1230 θῶν
846 1189 1078 1240 διαστηναι
1114 1203 1194 1240 την
1223 1188 1304 1242 γῆν
1343 1189 1418 1229 καὶ
1446 1185 1503 1237 ὥς
1531 1185 1668 1229 αὐτὸν
1694 1234 1701 1241 „

218 1254 329 1312 ὁμοῦ
366 1260 439 1299 καὶ
478 1259 528 1300 τὸ
571 1254 688 1315 ἰνίομα
733 1256 986 1310 ὑπεδέξατο·
1031 1256 1143 1308 πλὴν
1181 1255 1233 1299 οὐ
1271 1255 1406 1316 ταύτῃ
1443 1242 1710 1312 συμβῆναίῆ

218 1341 370 1383 φασιν,
400 1325 509 1368 ἀλλά
539 1328 656 1369 ἐστιν
684 1328 728 1369 ἐκ
754 1327 913 1382 Θηβῶν
943 1323 1083 1368 ἰοῦσιν
1112 1325 1153 1375 ἐς
1185 1325 1420 1368 Χαλκίδα“
1422 1321 1563 1383 Ἀρμα
1591 1341 1668 1368 κα-
1699 1324 1716 1338 ”“

218 1394 453 1452 λούμενον·
481 1396 595 1439 θεὸν
623 1396 671 1438 δ’
701 1394 988 1454 Ἀμφιάραον
1017 1393 1199 1451 ποώτοις
1219 1394 1457 1451 Ὠρωπίοις
1484 1397 1668 1447 κατέστη
1706 1403 1709 1406 ’

220 1465 420 1521 νομίζειν.
487 1470 568 1509 Ara
596 1470 637 1509 in
667 1470 865 1509 honorem
896 1469 1129 1521 Amphiarai
1160 1473 1362 1508 exstructa
1392 1469 1512 1509 simul
1542 1470 1664 1508 etiam

221 1538 356 1577 Iasoni
384 1551 497 1577 sacra
528 1542 637 1586 erat,
674 1539 753 1577 vid.
783 1539 880 1577 ibid.
912 1538 959 1577 3:
999 1532 1178 1591 τετάρτη
1209 1534 1255 1576 δέ
1285 1535 1376 1576 ἐστι
1407 1536 1484 1576 τοῦ
1514 1534 1666 1590 βωμοῦ
1703 1579 1708 1584 ,

219 1608 352 1660 μοῖρα
404 1602 678 1660 Ἀφροδίτης
725 1606 799 1644 καὶ
839 1603 1113 1656 Πανακείας,
1171 1597 1234 1645 ἔτι
1277 1603 1322 1645 δὲ
1374 1601 1550 1653 Ἰασοῦς
1593 1605 1668 1645 καὶ

217 1671 411 1727 ’Υγιείας
439 1675 513 1715 καὶ
542 1672 745 1723 Ἀθηνᾶς
776 1672 1017 1722 Παιωνίας.
1075 1680 1196 1727 atque
1239 1676 1327 1715 Iaso
1364 1676 1472 1727 apud
1511 1676 1667 1715 Aristo-

220 1746 396 1798 phanem
434 1746 561 1798 ipsius
598 1746 831 1797 Amphiarai
872 1750 933 1785 est
969 1746 1081 1793 filia,
1128 1745 1207 1784 vid.
1239 1746 1399 1797 Fragmg
1434 1745 1532 1793 V11,
1563 1745 1661 1784 alias

219 1815 453 1867 Aesculapii
501 1827 593 1854 esse
645 1815 805 1855 dicitur.
881 1816 1017 1866 Prope
1070 1813 1207 1853 fanum
1260 1819 1347 1853 erat
1396 1813 1489 1853 fons
1539 1826 1667 1862 sacer,

221 1896 246 1924 e
280 1897 360 1936 quo
397 1885 494 1925 olim
535 1884 805 1936 Amphiaraus
853 1885 996 1924 divinis
1043 1889 1208 1923 ornatus
1245 1883 1468 1923 honoribus
1505 1884 1555 1931 ab
1604 1884 1666 1923 in-

220 1952 325 1994 feris'
360 1955 502 2002 rediit,
543 1954 715 1993 Pausnn.
745 1953 842 1993 ibid.
866 1955 916 1993 4:
955 1949 1046 1992 ἔστι
1075 1950 1121 1990 δὲ
1150 1947 1386 2005 Ὠρωπίοις
1414 1949 1528 2003 πηγὴ
1558 1949 1667 2000 πλη-

222 2017 320 2060 σίον
348 2021 426 2061 τοῦ
455 2021 583 2072 ναοῦ,
618 2017 673 2071 ἢν
702 2017 986 2083 Ἀμφιαράου
1014 2019 1221 2060 καλοῦσιν
1249 2018 1339 2060 κτλ.
1395 2033 1499 2072 aqua
1527 2024 1664 2061 autem

219 2090 347 2132 fontis
376 2098 464 2132 erat
491 2092 770 2145 frigidissima,
796 2105 874 2143 qua
906 2092 1062 2144 aegroti
1091 2091 1340 2139 lavabantur,
1369 2090 1450 2130 vid.
1478 2090 1667 2143 Xenoph.

221 2161 448 2201 Memorab.
482 2162 540 2201 111
572 2162 624 2200 13
653 2161 702 2199 3:
740 2155 936 2211 Πότερον
975 2157 1041 2208 δέ,
1082 2155 1193 2211 ἔφη,
1221 2155 1272 2198 τὸ
1303 2155 1422 2211 παρὰ
1451 2158 1523 2198 σοὶ
1553 2151 1668 2213 ὕδωρ

221 2225 491 2284 θερμότερον
522 2232 634 2269 πιεῖν
664 2228 795 2276 ἐστιν,
823 2225 851 2278 ἢ
881 2227 929 2267 τὸ
959 2227 1005 2267 ἐν
1029 2223 1304 2277 Ἀσκληπιοῦς
1337 2225 1397 2266 Ί’ὸ
1427 2225 1472 2266 ἐν
1498 2222 1668 2277 Ἀσκλη-

223 2296 326 2338 πιοῦ
361 2295 458 2352 ἔφη.
528 2294 725 2352 Πότερον
775 2296 818 2338 δὲ
856 2293 1113 2338 λούσασθαι
1153 2292 1418 2350 ψυχρότερον
1455 2295 1502 2336 τὸ
1547 2293 1668 2351 παρὰ

223 2368 294 2407 σοὶ
323 2363 352 2418 ἢ
381 2366 430 2408 τὸ
466 2367 512 2407 ἐν
546 2365 849 2422 Ἀμφιαράου,
893 2365 953 2407 Τὸ
990 2366 1036 2406 ἐν
1068 2362 1378 2421 Ἀμφιαράου,
1415 2363 1511 2420 ἔφη.
1572 2369 1667 2408 Huc
1714 2393 1716 2425 3

224 2440 403 2491 pertinet
440 2441 602 2491 Fragm.
643 2440 691 2479 X.
769 2441 970 2491 Aegrotas
1010 2438 1263 2491 potissimum
1301 2437 1536 2489 Amphiarai
1576 2450 1667 2476 ora·
1713 2428 1716 2500 l

225 2509 360 2548 culum
405 2510 597 2561 petivisse
641 2509 819 2548 ostendit
879 2509 1019 2547 titulus
1067 2520 1196 2560 prope
1244 2507 1425 2557 Oropum
1477 2509 1665 2557 repertus
1712 2533 1714 2541 x

224 2576 403 2619 Boeckh.
434 2580 556 2630 Corp.
591 2578 714 2617 inscr.
745 2578 823 2617 vol.
856 2578 871 2616 1
903 2590 969 2617 no.
996 2577 1117 2617 1570.
1157 2577 1225 2616 ubi
1260 2576 1367 2615 inter
1394 2574 1471 2614 alia
1502 2573 1666 2613 donaria
1706 2606 1712 2613 „

222 2645 264 2686 in
296 2647 448 2699 templo
478 2649 598 2686 huius
630 2648 864 2699 Amphiarai
897 2650 1095 2686 vetustate
1126 2646 1301 2697 collapsa
1328 2638 1596 2695 (”Αρχοντος
1623 2640 1669 2681 ἐν

223 2713 350 2771 κοινῷ
365 2713 571 2754 Βοιωτῶν
589 2713 857 2769 Στράτωνος,
888 2712 1025 2768 ἱιρέως
1056 2713 1100 2754 δὲ
1131 2712 1207 2756 τοῦ
1231 2707 1520 2765 Ἀμφιαράου
1548 2708 1666 2751 Ἐπι-
1708 2744 1709 2749 ,
