1716 3164
227 190 310 230 71⁰
817 186 1085 228 ARCHIPPI

923 297 993 338 IV.

336 379 591 431 Hesychius,
633 373 1022 420 Ἐπενώτισενε
1067 373 1333 430 ἐφώρμησεν.
1381 376 1672 434 [”.Αρχιππος]

224 443 531 501 Ἀμᾳιτρύωνι
569 446 761 502 δευτέρῳ.
828 451 964 491 Verbo
1003 443 1263 495 ἐπινωτίζειν
1301 462 1326 487 α
1357 454 1473 502 tergo
1515 452 1675 490 adoriri

227 530 324 558 usus
354 522 416 556 est
445 519 565 557 etiam
597 519 812 570 Euripides
843 520 964 559 Herc.
999 519 1079 558 sur.
1111 518 1218 557 359:
1259 517 1429 570 πυρσοῦ
1453 516 1503 556 δ’
1533 515 1673 573 ἄμφε-

227 582 440 639 καλὺᾳθη
465 585 471 640 Ι
500 584 674 636 ξανθὸν
702 584 1096 640 κρᾶτ’ἐπινωτίσας
1125 585 1130 640 Ι
1154 584 1277 641 δεινῷ
1301 582 1495 639 χάσματι
1519 585 1673 641 θηρός,

228 658 298 698 ubi
328 652 501 706 ξανθὸν
527 655 664 709 κρᾶτα
694 671 773 698 nou
804 660 934 699 leonis
964 657 1036 697 sed
1063 657 1256 696 Herculis
1288 661 1408 708 caput
1438 661 1512 697 est.
1579 659 1672 697 Fal-

228 727 368 766 luntur
398 727 506 765 enim
542 727 788 777 interpretes
818 728 885 779 qui
916 722 1172 772 ἐπινωτίσας
1203 730 1366 765 vertunt
1396 732 1514 779 tergo
1545 728 1674 780 impo-

228 810 341 845 nens,
374 809 452 847 quo
485 796 607 835 totius
637 795 717 835 loci
747 797 949 836 sententia
979 797 1124 835 mirum
1156 799 1346 847 quantum
1377 796 1636 848 pervertitur.

866 915 913 958 V.
973 917 1042 958 Vl.

336 998 608 1041 Antiatticista
636 1012 676 1050 p.
705 999 760 1038 83
799 1000 866 1039 20.
908 993 1256 1050 Ἀναλέγεινε
1304 993 1404 1037 ἀντὶ
1445 996 1522 1037 τοῦ
1562 996 1673 1037 ἐκλέ-

224 1080 327 1121 γειν.
373 1062 623 1119 ”Αρχιππος
650 1064 962 1122 Ἀμ([ιτρὺωνι.
1003 1095 1059 1102 -
1098 1070 1210 1108 Idem
1240 1082 1280 1120 p.
1313 1068 1391 1107 105
1423 1070 1489 1108 16.
1520 1063 1672 1109 Κύωνε

223 1127 257 1177 ὦ
286 1132 426 1177 κύων
455 1132 529 1175 διὰ
558 1134 636 1175 τοῦ
662 1135 709 1179 ὦ.
759 1133 1009 1191 ”Αρχιππος
1035 1133 1350 1191 Ἀμφιτρύωνι.

888 1259 980 1300 Vll.

333 1342 630 1383 Grammaticus
659 1342 836 1382 Bekkeri
867 1342 1020 1383 Anecd.
1051 1355 1090 1394 p.
1120 1341 1204 1382 452
1233 1342 1300 1381 28.
1336 1335 1672 1381 ’Λσκοθύλα-

220 1424 333 1458 κος;
366 1409 546 1460 Διοκλῆς
573 1406 768 1465 Βάκχαις
796 1411 871 1450 καὶ
891 1407 1140 1465 ”Αρχιππος
1167 1406 1483 1464 Ἀμφιτρύωνι.
1512 1412 1671 1453 Eodem

220 1481 418 1522 vocabulo
448 1493 546 1522 usus
576 1487 638 1522 est
669 1480 962 1533 Aristophanes
992 1481 1265 1534 Fragm.217.
1326 1481 1552 1533 Significat,
1582 1479 1670 1531 opi-

220 1564 324 1600 nor,
374 1564 513 1603 peram
563 1553 604 1592 in
646 1564 723 1604 qua
765 1555 807 1589 et
853 1551 989 1590 vinum
1027 1555 1068 1590 et
1113 1552 1263 1591 cibaria
1303 1551 1666 1591 abscondebantur.

219 1621 378 1663 Docere
417 1620 498 1660 hoc
528 1623 689 1662 videtur
718 1613 977 1673 proverbium
1007 1615 1138 1667 ἀσκὸς
1173 1619 1247 1659 καὶ
1275 1617 1471 1665 θύλακος
1510 1619 1562 1658 de
1590 1618 1665 1658 110-

219 1691 329 1731 mine
359 1691 500 1731 bibace
531 1697 571 1732 et
602 1694 739 1732 educe.
800 1691 849 1732 V.
880 1690 1059 1730 Alexidis
1092 1691 1191 1731 Hes.
1221 1691 1385 1743 Fragm.
1417 1690 1435 1729 Ι
1465 1689 1506 1729 4.

597 1983 923 2027 ΗΡΑΚΛΗΣ
949 1981 1191 2026 ΙἈΜΩΝ.
1257 1984 1294 2037 *)

916 2110 947 2150 I.

434 2185 637 2243 Ἀνδρῶν
666 2185 842 2244 ἄριστος
870 2192 945 2231 καὶ
972 2186 1154 2245 μάλιστ’
1183 2186 1279 2242 ἐμοὶ
1310 2185 1439 2237 ξένος,

439 2269 549 2327 ἀτὰρ
578 2269 686 2334 παρ’
718 2272 814 2327 ἐμοὶ
842 2272 886 2327 γ’
914 2271 975 2317 ὧν
1005 2265 1113 2327 ,εἶχεν
1141 2268 1238 2312 οὐδὲ
1268 2267 1502 2325 σύμβολον.

331 2386 474 2426 Pollux
497 2386 553 2425 IX
581 2387 658 2426 72:
690 2383 953 2437 διελέγχουσι
982 2383 1028 2425 δὲ
1058 2382 1164 2425 αὐτὸ
1195 2381 1265 2435 (τὸ
1295 2378 1521 2435 σύμβολον
1549 2381 1667 2431 dicit)

221 2450 403 2508 σμικρόν
430 2468 472 2494 τι
501 2452 753 2504 δύνασθαι,
787 2449 1117 2510 Ἀριστοφάνης
1156 2456 1237 2507 μὲν
1273 2451 1319 2492 ἐν
1350 2447 1584 2505 ’Λναγύρῳ
1612 2476 1665 2481 -—-

215 2520 464 2578 ”Αρχιππος
509 2522 554 2566 δὲ
598 2519 729 2566 εἰπών
762 2522 808 2564 ἐν
844 2521 1051 2579 Ἡρακλεῖ
1089 2521 1301 2578 γαμοῦντι
1336 2517 1539 2576 ’Λνδρῶν
1573 2515 1667 2575 ἄρι-

224 2607 325 2641 στος
351 2591 445 2633 κτλ.

315 2740 347 2784 ’)
371 2741 413 2774 V.
437 2738 524 2772 Hist.
543 2737 616 2772 crit.
638 2752 671 2783 p.
697 2741 776 2776 208.
