1716 3164
360 162 362 164 ’
395 163 752 208 comcoRUM
786 164 1214 210 SPEcTANTmM.
1427 166 1538 210 1251

200 467 324 511 ΤΟΥ
358 465 578 509 ΑΥΤΟΥ
609 462 853 508 ΙΑΜΒΟΙ
896 465 1210 510 ΤΕΧΝΙΚΟΙ
1249 468 1405 511 ΠΕΡΙ

622 533 983 578 ΚΩΜΩΔΙΛΣ.

275 704 488 762 Ἐπείπερ
516 703 642 761 ἡμῶν
671 707 762 755 τοῖς
793 701 988 760 ἇτέχνοις
1018 706 1123 762 πρὶν
1152 705 1319 764 στίχοις

277 777 464 833 τριπλῆν
490 777 628 819 τελεῖν
657 777 808 833 εἴρηκα
839 775 921 827 τὴν
951 774 1201 834 κωμῳδίαν,

279 846 457 905 πρώτην
485 846 598 904 ὁμοῦ
625 849 767 904 μέσην
794 862 840 889 τε
871 848 947 888 καὶ
976 845 1059 898 τὴν
1087 845 1289 906 ὑστέραν,

284 918 397 974 ἔφην
426 919 472 961 δὲ
500 922 576 962 καὶ
604 916 832 976 γνώρισμα
863 917 951 959 τῶν
981 918 1112 974 τριῶν
1141 917 1257 972 τότε,

226 993 253 1032 5
283 989 362 1032 οὐκ
389 988 579 1046 ἀκριβῶς
608 989 723 1047 ἔφην
754 989 799 1031 δὲ
825 988 915 1031 πᾶν
942 989 1067 1047 μέχρι
1095 990 1266 1042 τέλους·

281 1060 336 1102 τὰ
367 1060 446 1103 νῦν
472 1062 574 1119 φέρε
602 1061 844 1119 γράψωμεν
872 1057 1198 1117 ἦκριβωμένως,

281 1131 400 1174 πόσα
429 1133 539 1189 μέρη
569 1147 614 1174 τε
643 1129 848 1188 τυγχάνει
875 1130 1119 1189 κωμῳδίας,

284 1203 361 1244 καὶ
389 1200 686 1260 παραβάσεως
713 1200 859 1245 ὁπόσα
890 1202 945 1244 τα
973 1204 1099 1260 μέρη,

286 1272 385 1315 τίνα
415 1273 462 1316 δὲ
490 1274 646 1327 ταῦτα,
677 1273 877 1330 τεχνικῶς
905 1287 952 1316 τε
982 1273 1074 1324 πῶς
1102 1274 1257 1330 πρέπει

200 1347 254 1387 10
283 1344 513 1403 κωμῳδίας
540 1343 727 1403 γράφειν
757 1361 802 1388 τε
833 1346 909 1388 καὶ
940 1343 1204 1404 τραγῳδίας.

281 1418 390 1471 μέρη
420 1418 501 1472 μέν
531 1413 615 1460 εἶσι
643 1418 839 1475 τέσσαρα
870 1415 1124 1475 κωμῳδίας·

281 1487 455 1544 πρῶτον
483 1486 707 1545 πρόλογος,
738 1487 791 1530 τὸ
819 1489 943 1545 μέχρι
969 1486 1106 1544 χοροῦ
1133 1486 1210 1539 τῆς
1240 1482 1441 1530 εἰσόδου·

282 1557 334 1600 τὸ
363 1558 444 1601 τοῦ
469 1558 604 1616 χοροῦ
631 1559 762 1614 μέλος
791 1558 838 1601 δὲ
868 1557 1070 1615 δεύτερον
1098 1557 1234 1611 λέγω·

282 1628 509 1680 ἐπείσοδος
537 1628 687 1686 τρίτον
717 1630 785 1672 δέ·
816 1627 861 1672 τί
891 1629 938 1671 δὲ
970 1625 1192 1684 τυγχάνεις

200 1701 254 1742 15
283 1697 413 1754 λόγος
439 1699 605 1756 μεταξὺ
635 1700 751 1753 πλὴν
778 1701 923 1757 μελῶν
950 1698 1086 1758 χοροῦ
1116 1696 1219 1741 δύο·

285 1769 495 1827 τέταρτόν
522 1771 643 1814 ἐστιν
672 1771 844 1826 ἔξοδος·
877 1769 1040 1823 ταύτης
1068 1771 1199 1828 μέρος

283 1838 413 1896 λόγος
437 1842 574 1899 χοροῦ
603 1858 669 1894 τις
697 1843 758 1902 τῷ
786 1844 898 1886 τέλει
927 1843 1191 1899 λελεγμένος.

245 1948 256 1957 Γ
279 1910 396 1955 τόσα
425 1914 535 1970 μέρη
563 1914 645 1968 μέν
673 1911 758 1958 εἰσι
786 1915 864 1967 τῆς
892 1912 1137 1973 κωμῳδίας.

285 1983 395 2026 ἑπτὰ
426 1983 472 2025 δὲ
501 1982 798 2042 παραβάσεως
825 1982 912 2028 εἶσι
941 1987 1072 2042 μέρη,

198 2059 254 2099 20
286 2051 320 2096 οἳ
346 2054 426 2096 νῦν
455 2055 611 2111 σαφῶς
640 2053 770 2099 ἰίκουε
800 2055 942 2115 λεπτῷ
971 2056 1031 2114 τῷ
1063 2052 1201 2112 λόγῳ*

284 2124 309 2168 ὁ
331 2125 520 2180 κωμικὸς
542 2125 673 2183 χορὸς
705 2131 786 2182 μὲν
816 2125 1060 2184 ὀρχήστρας
1088 2125 1256 2176 τόποις,

282 2195 364 2248 τὴν
392 2194 451 2248 ἢν
480 2198 650 2252 λογεῖον
679 2199 759 2240 νῦν
786 2199 1020 2252 καλοῦμεν,
1051 2196 1253 2251 ἠγμένος,

290 2263 545 2321 ὑποκριταῖς
574 2271 654 2322 μὲν
683 2267 947 2323 προσλαλῶν
976 2266 1125 2316 ἄλλοις
1154 2267 1327 2322 μέτροις

287 2336 453 2388 σκηνὴν
469 2335 588 2393 ιπρὸς
618 2335 759 2388 αὐτὴν
788 2329 843 2389 ἦν
873 2335 987 2395 ὁρῶν
1016 2335 1273 2395 κωμῳδίας·

203 2409 259 2449 25
288 2403 435 2448 αὐτῶν
463 2403 759 2449 ἀπελθόντων
788 2407 835 2449 δὲ
865 2407 974 2463 πρὸς
1006 2408 1151 2463 δῆμον
1180 2407 1344 2461 βλέπει,

289 2472 318 2518 ὃ
342 2478 417 2518 καὶ
448 2475 650 2537 στροφὴν
678 2476 830 2534 ἔσχηκε
861 2477 943 2530 τὴν
970 2478 1126 2530 κλῆσιν
1154 2478 1343 2533 φέρον·-

286 2547 332 2589 έκ
361 2546 660 2605 τετραμέτρων
689 2549 734 2603 ἕξ
763 2544 821 2592 τε
838 2551 913 2592 καὶ
944 2549 1049 2592 δέκα
1080 2546 1267 2603 στίχους,

132 2695 191 2730 vs.
213 2697 238 2732 8
261 2695 340 2730 libri
365 2697 426 2731 καὶ
448 2699 510 2738 τῆς
534 2693 766 2742 παραβάσεως
789 2695 905 2733 ὁπόσα
931 2699 967 2732 δὲ
991 2697 1036 2733 τὰ
1060 2698 1161 2743 μέρη.
1210 2713 1255 2722 -
1294 2695 1351 2731 Vs.
1377 2695 1422 2730 12
1447 2689 1544 2743 necl-

65 2765 129 2787 τοι
154 2755 351 2791 delendum.
400 2757 492 2790 Tum
518 2756 600 2790 Par.
624 2756 690 2799 τὴν
717 2758 863 2793 εἴσοδον.
888 2777 934 2783 -
958 2759 1019 2793 Vs.
1044 2759 1090 2792 22
1114 2757 1195 2791 Par.
1217 2755 1239 2799 ἡ
1267 2780 1276 2790 .
1303 2778 1311 2787 -
1335 2757 1474 2801 γμένον.

1168 2816 1328 2857 ’79*“Ἴ
