1716 3164
489 155 753 201 FABULAE
785 152 1089 197 lNCERTAE.
1443 154 1528 195 877

767 336 822 378 Π.

216 417 567 478 Λακεδαιμόνιοί
594 417 657 462 θ’
689 418 814 476 ἡμῶν
840 416 898 460 τὰ
929 414 1048 474 τείχη
1077 415 1338 472 κατέβαλον,

185 547 193 562 χ
216 509 292 550 καὶ
322 506 399 557 τὰς
429 502 615 563 τριήρεις
643 503 807 559 ἔλαβον
835 500 1069 562 ε’μμήρους,
1102 496 1222 552 ὅπως

214 594 369 649 μηκέτι
395 591 836 648 θαλαττοκρατοῖντο
865 586 1239 641 Πελοποννήσιοι.

158 709 392 763 Hesychius
418 708 435 748 1
465 721 508 762 p.
538 706 664 747 12⁰1.
697 700 956 761 Ἐμπήρους
990 705 1115 759 (sic):
1153 697 1402 758 Δημήτριος
1436 700 1521 743 Σι-

45 776 166 836 κελίᾳ
193 773 540 832 Λακεδαιμόνιοί
569 772 630 816 θ’
661 771 788 832 ἡμῶν
815 802 871 809 —
899 770 1274 824 Πελοποννήσιοι.
1332 770 1522 830 ἔμπηροι

44 840 124 893 οὖν
151 849 195 891 οἱ
222 848 270 890 ἐν
299 845 486 905 ὁμηρείᾳ
515 844 652 896 ὄντες.
722 850 891 890 Partem
921 849 1004 891 loci
1033 849 1212 891 servavit
1242 848 1425 901 Etymol.
1456 847 1518 888 M.

43 936 84 976 p.
114 921 198 963 335
228 923 308 963 18:
337 916 587 975 ''Eu,u²290c,
626 917 671 959 οἱ
699 917 772 960 ἐπὶ
800 917 980 974 ἐνέχυρα
1007 920 1120 974 (leg.
1149 913 1364 974 ἐνεχύρῳ)
1396 914 1519 957 διδό-

38 1003 164 1046 μενοι
207 987 373 1047 φιλίας.
446 986 695 1046 Δημήτριος
742 988 790 1031 ἐν
835 989 1033 1038 Σικελοῖς
1069 985 1422 1044 Λακεδαιμόνιοί
1457 983 1518 1029 θ’

39 1059 165 1118 ἡμῶν
204 1058 259 1103 τά
296 1076 340 1102 τε
379 1059 498 1117 τείχη
542 1060 810 1116 κατέλαβον,
847 1062 923 1103 καὶ
964 1056 1041 1110 οὓς
1070 1058 1240 1115 ἔλαβον,
1275 1056 1514 1116 ἐμμήρους.

37 1135 111 1178 Vs.
141 1136 166 1175 1
204 1136 441 1188 Hesychius
478 1130 829 1189 Λακεδαιμόνιοι
866 1130 981 1189 μεθ’
1010 1128 1158 1187 ἡμῶν,
1205 1137 1247 1174 et
1284 1146 1343 1174 vs.
1375 1133 1402 1173 2
1440 1129 1515 1185 ε’μ-

38 1201 217 1260 πήρους.
277 1208 510 1258 Utrumque
540 1207 804 1247 emendatum
834 1219 884 1247 ex
913 1206 1221 1259 Etymologico.
1281 1204 1356 1245 Cfr
1387 1205 1514 1245 Bent-

37 1276 142 1318 leius
172 1278 308 1330 Epist.
338 1277 390 1318 ad
420 1277 527 1318 Mill.
559 1290 601 1330 p.
627 1278 711 1318 484
742 1278 841 1330 Lps.
904 1277 999 1330 Ipse
1028 1278 1265 1331 Hesychius
1297 1276 1376 1317 alia
1405 1276 1513 1326 loco,

33 1341 310 1402 Ἒμμήρουςι
342 1344 389 1386 ἐν
419 1342 607 1403 ὁμηρείᾳ
636 1343 782 1395 ὄντας,
815 1361 893 1400 pro
929 1361 1010 1400 quo
1041 1349 1172 1390 codex
1200 1349 1326 1388 habet
1354 1345 1513 1401 ε’νομη-

33 1430 170 1474 ρειεον
207 1413 352 1466 ὄντας.
420 1419 594 1472 Corrige
629 1420 757 1473 igitur
786 1413 1010 1474 ἐνομήρεις
1040 1414 1195 1470 ὄντας,
1232 1419 1344 1471 quod
1386 1420 1511 1460 etiam

32 1491 163 1531 altero
192 1492 285 1531 loco
315 1503 391 1543 pro
419 1487 466 1528 ἐν
494 1484 682 1546 ὁμηρείᾳ
712 1486 846 1537 ὄντας
874 1492 1160 1544 reponendum
1186 1494 1262 1532 est.
1290 1490 1509 1531 Postremo

32 1575 155 1603 versu
195 1563 346 1604 mirum
384 1565 447 1602 est
485 1561 696 1604 valesium
736 1562 787 1602 ad
826 1563 1074 1616 Harpocrat.
1111 1577 1153 1617 p.
1184 1562 1240 1603 56
1291 1563 1509 1616 requirere

31 1626 308 1675 Athenienses
338 1634 430 1674 loco
460 1633 874 1686 Peloponnesiorum.
940 1634 1109 1676 Scilicet
1148 1648 1230 1676 non
1262 1634 1508 1676 meminerat

30 1689 508 1757 Ιθαλαττοκρατεῐσθαι
537 1717 631 1745 esse
661 1704 881 1757 passivum.

696 1811 705 1815 ”
734 1839 808 1880 ιιι.

140 1923 338 1965 Aelianus
367 1923 424 1965 H.
445 1924 494 1964 Δ.
524 1923 605 1965 ΧΠ
635 1925 714 1965 10:
743 1919 992 1979 Δημήτριος
1021 1923 1068 1965 ἐν
1097 1921 1279 1980 Σικελίᾳ
1308 1924 1367 1982 τῷ
1396 1922 1503 1981 δρά-

26 2005 135 2046 ματι
161 1991 382 2048 μέμνηται
411 1985 480 2034 ὅτι
511 1993 586 2034 καὶ
615 1992 670 2052 τῇ
695 1993 812 2054 πυγῇ
840 1994 1053 2037 λαλοῦσιν
1082 1995 1130 2036 αἱ
1158 1993 1375 2052 τρυγόνες.

612 2173 879 2181 ——-.——.—

429 2310 506 2349 Ex
536 2310 803 2353 INCERTIS
834 2312 1090 2353 FABULIS.

303 2508 378 2552 ”H
405 2511 539 2555 σῦκον
566 2510 596 2566 ἢ
626 2512 833 2572 ([ιέσηλον
861 2513 890 2569 ἢ
920 2514 1094 2559 τοιοῦτό
1125 2531 1181 2560 τι.

131 2628 367 2670 Athenaeus
400 2629 438 2671 11
468 2643 508 2682 p.
538 2630 656 2672 56a:
700 2626 919 2681 Φάσηλοι.
956 2627 1307 2686 Λακεδαιμόνιοι
1337 2661 1390 2669 —
1421 2633 1493 2676 δι-

22 2691 154 2737 δόασι
179 2694 443 2753 τραγήματα
473 2696 585 2740 σῦκά
614 2714 659 2741 τε
688 2699 799 2758 ξηρὰ
827 2702 905 2743 καὶ
934 2698 1128 2757 κυάμους
1156 2705 1231 2745 καὶ
1261 2704 1491 2761 φασήλους

16 2763 220 2823 χλωρούς.
277 2768 446 2826 ἱστορεῖ
470 2768 689 2827 Πολέμων
717 2801 773 2809 —
803 2769 1052 2830 Δημήτριος
1071 2769 1153 2816 ”H
1176 2775 1314 2819 σῦκον
1340 2777 1431 2820 κτλ.
