1716 3164
1408 194 1409 197 ¹
1440 142 1556 184 1281

77 253 276 294 Putamus
307 262 463 304 coquus
494 252 590 292 946.

76 322 250 377 pecunia
278 323 322 363 in
354 335 427 363 ore
457 323 622 362 condita
650 323 749 362 390.

74 389 391 441 πεντελιθίζειν
422 397 465 432 et
493 387 824 441 πενταλιθίζειυ
852 392 950 432 392.

74 464 222 517 peplus
254 464 468 503 Minervae
498 463 595 503 773.

73 532 223 573 πέπων
253 534 306 573 de
335 536 495 573 maturo
526 545 746 574 cucumere
775 533 826 574 ab
857 532 1059 574 Atticistis
1089 532 1324 574 damnatum
1355 535 1424 574 97.

76 604 228 645 Perdix
258 604 428 644 claudus
449 603 557 642 -337,

74 675 259 716 Pericles
290 674 504 728 Olympius
536 673 634 713 149.
666 674 763 714 367.

75 745 259 786 Pericles
289 740 603 798 σχινοκέφαλος
631 745 700 784 62.

76 815 246 856 Periclis
277 816 482 856 cunctatio
512 815 553 855 in
583 814 810 855 condendis
841 814 1098 856 Athenarum
1131 812 1347 853 moenibus
1375 812 1474 853 218.

76 883 269 939 περιεῖναι
298 899 371 938 pro
403 883 618 936 περιϊέναι-
646 885 743 924 348.
777 883 872 925 685.

75 955 172 1009 πιρὶ
202 950 318 995 κάτω
347 957 443 996 776.

75 1025 170 1079 περὶ
202 1020 319 1065 πόδα
351 1026 447 1066 660.

75 1092 322 1151 περιστερὰς
352 1098 447 1138 266.

75 1180 277 1221 personae
308 1168 505 1221 Dionysio
536 1166 686 1207 affixae
717 1166 842 1205 1001.

75 1237 232 1278 πεσσοὶ
260 1239 377 1280 locus
406 1239 449 1279 in
479 1251 560 1290 quo
594 1237 763 1278 tesseris
793 1236 951 1276 luditur
983 1236 1050 1275 19.

76 1295 276 1351 Petosiris
306 1309 433 1350 1047.

77 1377 201 1429 πεζαὶ
231 1376 401 1434 ἑταῖραι
430 1392 630 1432 quaenam
662 1378 796 1418 dictae
826 1378 907 1417 sint
938 1377 1038 1416 489.

75 1446 176 1499 πεζὴ
207 1446 415 1505 αὐλητρὶς
444 1451 540 1490 667.

76 1516 360 1575 φαρμακίτης
389 1516 598 1567 δάκτυλος
629 1520 728 1560 454.

74 1587 355 1647 ,φαρυγίνὸηυ
384 1592 481 1632 290.

77 1656 221 1716 φάρυξ
251 1658 446 1716 φάρυγος
476 1662 659 1711 atticum,
691 1676 772 1704 non
805 1658 1028 1718 φάρυγγος
1058 1663 1126 1702 39.
1159 1662 1256 1702 167.

76 1728 443 1787 φαυλεπίφαυλος
471 1732 569 1772 854.

76 1801 246 1859 φαῦλος
276 1807 318 1843 et
348 1798 552 1855 ἄκομψος
582 1804 800 1843 coniuncta
830 1803 926 1843 363.

76 1873 275 1931 φέροικος
305 1874 477 1915 cochlea
506 1874 580 1913 70.

77 1940 273 2000 φιβάλεῳ
301 1942 508 1998 μυρρίναι
534 1945 631 1984 881.

19 2039 21 2041 ·
78 2013 413 2071 φιλακόλουθος
440 2015 539 2055 734.

78 2087 287 2128 Philocles
317 2091 442 2140 poeta
472 2085 653 2139 tragicus
683 2086 778 2126 226.

82 2154 245 2207 Φιλίνη
277 2162 319 2197 et
353 2153 546 2196 Φίλιννα
575 2156 673 2196 743.

80 2227 323 2267 Philonides
366 2231 408 2266 et
438 2227 698 2267 Callistratus
742 2239 840 2267 num
872 2226 1162 2279 Aristophanis
1201 2224 1426 2266 histriones
1464 2223 1556 2265 fue-

134 2297 216 2337 rint
246 2298 329 2337 902
359 2310 447 2348 sqq.

82 2367 335 2408 Philoxenus
365 2368 587 2420 Cytherius
619 2368 778 2408 emend.
813 2369 906 2407 101.

81 2436 334 2478 Philoxenus
364 2434 615 2490 θηλυδρίας
643 2437 741 2478 514.

79 2505 181 2561 φνεὶ
212 2508 335 2549 1224.

79 2577 214 2618 Phoci
242 2590 345 2618 uxor
374 2580 546 2619 moecha
574 2580 673 2619 221.

81 2646 345 2688 Phormionis
374 2644 639 2689 Atheniensis
678 2652 817 2702 partes
855 2648 897 2690 in
937 2646 1157 2700 Eupolidis
1196 2645 1441 2687 Taxian-chio
1478 2645 1563 2686 527

134 2716 178 2756 in
209 2717 361 2758 fabulis
391 2718 679 2772 Aristophanis
708 2719 806 2758 978.

88 2795 255 2830 Comoed.
287 2802 357 2832 ant.
1243 2785 1299 2825 81-
