1716 3164
681 138 983 183 ΟΛΚΑΔΕΣ.
1443 140 1554 182 1119

76 261 157 309 nisi
197 258 309 300 forte
358 255 647 298 scribendum:
692 249 936 310 σμινύην
979 252 1075 294 καὶ
1123 246 1420 307 σμινύδια,
1471 253 1553 296 vid.

77 331 224 373 Pollux
254 328 334 371 vn
365 319 475 368 148:
516 324 610 376 Τήν
639 324 686 366 δὲ
716 320 907 380 σμινύην
942 318 1244 378 σμινύδιον
1280 319 1554 380 Ἀριστοφά.

75 413 154 451 νης
189 397 325 441 καλεῖ.
385 399 546 439 Deinde
576 402 701 451 poeta
738 390 1054 449 ἀγκαλίδας
1092 389 1265 445 ξύλων
1300 395 1453 436 dixisse
1492 396 1552 436 vi-

76 473 223 521 detur,
258 470 518 523 Phrynichus
550 468 730 508 Bekkeri
764 468 782 507 1
813 481 853 520 p.
887 466 942 505 13
973 467 1048 505 16:
1083 461 1348 517 Ἀγκαλίδες
1388 461 1551 516 ξύλων·

76 539 127 582 τὸ
158 540 337 591 πλῆθος
368 538 591 591 δηλοῦται,
624 531 732 579 ὅσον
761 532 818 576 ἄν
846 549 911 583 τις
940 530 1151 588 ἀγκάλαις
1181 532 1425 590 περιλάβοι.
1476 563 1483 569 «

746 709 749 711 ,
781 660 854 703 v1.

341 743 468 788 ’.Επεὶ
495 742 542 786 δ’
577 741 789 800 ἐγενόμην
815 735 941 800 οἷπερ
969 733 1022 802 ᾗ’
1051 742 1124 785 ἐπὶ
1146 739 1268 796 ξύλα.

188 862 360 904 Photius
396 875 436 915 Ρ.
466 860 522 901 57
562 860 616 900 8:
655 846 801 898 ἵΗια·
841 853 1143 912 δισυλλάβως,
1179 854 1229 898 τὸ
1268 854 1554 916 ἐπορευόμην,

77 929 160 974 σὺν
188 930 249 989 τῷ
284 946 299 972 ι
329 929 561 987 γράφεται.
600 955 655 963 —
690 923 1027 984 Ἀριστοφάνης
1064 925 1299 970 Ὀλκάσιν·
1335 927 1463 972 Ἐπεὶ
1502 927 1551 971 δ’

0 1028 1 1034 =
75 1002 166 1044 κτλ.
226 1004 384 1045 Eadem
401 1002 551 1043 Suidas
580 1002 623 1042 iu
652 988 712 1058 ᾖα
743 1006 786 1042 et
814 1002 1107 1056 grammaticus
1138 1002 1414 1044 Coisliuianus
1444 1003 1554 1057 apud

74 1074 321 1118 Montefalc.
350 1088 391 1128 Ρ.
422 1073 506 1114 234
537 1071 747 1114 exhibent.

771 1195 862 1238 Vll.

299 1277 473 1337 Λόγχαι
502 1279 526 1321 ὃ
543 1277 553 1291 '
582 1275 857 1330 ἐκαυλίζοντο
887 1278 962 1321 καὶ
991 1276 1125 1332 ξυστὴ
1155 1274 1314 1335 κάμαξ.

187 1386 336 1428 Pollux
364 1386 403 1426 X
434 1385 540 1425 144:
584 1379 916 1440 Ἀριστοφάνης
959 1379 1045 1439 ἔφη
1094 1382 1141 1424 ἐν
1176 1379 1388 1425 (Ολκάσν
1435 1380 1554 1438 Λόγ-

72 1470 150 1512 χαι
177 1454 270 1498 κτλ.

496 1607 504 1620 ἱ
575 1608 583 1619 1
649 1606 659 1620 ³
727 1609 734 1619 ι

190 1715 436 1757 Eustathius
465 1729 507 1769 Ρ.
539 1716 651 1757 1423
689 1716 740 1756 4:
777 1709 858 1755 Ἐκ
896 1711 943 1754 δὲ
979 1713 1060 1755 τοῦ
1096 1713 1220 1755 οἴκου
1253 1713 1328 1755 καὶ
1364 1709 1556 1765 οἰκίσκος

79 1781 202 1841 παρὰ
227 1781 561 1841 Ἀριστοφάνει,
587 1784 983 1842 περδικοτροφεῖον,
1014 1778 1130 1827 οἷον
1179 1782 1234 1826 Τί
1264 1784 1310 1826 δὲ
1339 1784 1430 1828 κτλ.
1488 1787 1556 1829 Ad

77 1857 289 1900 nolcades
326 1856 433 1897 haee
473 1858 684 1910 pertinere
724 1859 871 1899 Pollux
918 1858 1041 1899 docet
1079 1857 1118 1899 X
1162 1857 1259 1907 159,
1310 1858 1383 1898 ubi
1429 1858 1554 1899 simul

77 1930 202 1971 allum
231 1929 370 1969 locum
401 1929 604 1982 respexit:
646 1928 741 1970 Καὶ
779 1922 1037 1970 οἰκίσκον
1074 1926 1120 1968 δὲ
1151 1923 1449 1984 ὀρνίθειον
1477 1927 1555 1968 καὶ

77 1994 338 2041 οἰκίσκον
372 1996 713 2054 περδικικὸν
745 1995 1083 2056 Ἀριστοφάνης
1121 1997 1168 2040 ἐν
1198 1994 1414 2041 ‘oznaim
1451 1995 1553 2056 ἔφη.

78 2072 235 2126 Scripsi
263 2075 401 2113 nutem
432 2070 516 2112 ποῖ’
539 2067 608 2123 δή,
640 2074 763 2129 vulgo
793 2068 837 2112 τί
867 2070 928 2114 δέ.

302 2273 551 2331 Δάπτοντα,
580 2274 892 2333 μιστύλλοντα,
924 2276 1202 2334 διαλείχοντά
1228 2293 1316 2334 μου

299 2359 379 2403 τὸν
407 2358 524 2403 κάτω
553 2358 827 2417 σπατάγγην.

191 2466 430 2508 Athenaeus
460 2466 522 2507 111
551 2480 593 2520 Ρ.
623 2467 677 2507 91
708 2468 767 2508 C:
791 2462 1101 2521 Ἀριστοτέλης
1131 2463 1178 2505 δέ
1208 2478 1322 2521 φησι
1350 2462 1438 2505 τῶν
1464 2462 1550 2520 ἐχί-

77 2547 166 2577 νων
195 2532 328 2591 πλεὶω
356 2535 458 2588 γένη
488 2526 624 2587 εἶναι,
654 2531 702 2577 ἓν
730 2539 813 2591 μὲν
841 2534 891 2577 τὸ
920 2533 1215 2591 ἐσθιόμενον,
1245 2534 1293 2576 ἐν
1322 2526 1357 2592 ᾧ
1382 2532 1439 2575 τά
1466 2549 1550 2577 κα-

79 2602 270 2662 λούμενά
297 2605 418 2646 ἐστιν
448 2603 522 2663 (ῥά,
552 2602 666 2647 ἄλλα
696 2606 744 2648 δὲ
775 2603 878 2659 δύο,
908 2603 958 2648 τό
988 2621 1034 2647 τε
1061 2606 1149 2647 τῶν
1178 2602 1446 2660 σπατάγγων
1473 2606 1551 2648 καὶ

80 2673 132 2716 τὸ
159 2675 246 2717 τῶν
273 2675 553 2731 καλουμένων
581 2675 770 2733 βρυσῶν.
827 2671 1091 2732 μνημονεύει
1129 2676 1176 2718 δὲ
1210 2678 1285 2719 καὶ
1314 2676 1402 2718 τῶν
1430 2691 1548 2719 σπα-

80 2741 252 2799 τάγγων
278 2743 303 2788 ὁ
331 2744 535 2805 Σώφρων
571 2748 648 2789 καὶ
684 2745 1018 2806 Ἀριστοφάνης
1051 2747 1099 2790 ἐν
1122 2744 1342 2791 ἰΟλκάσιν
1378 2742 1541 2798 οὕτως·
