1716 3164
636 148 965 193 ΔΑΝΑΙΑΕΣ.
1427 149 1542 192 1949

65 271 146 308 tur.
204 263 352 306 Suidas
383 264 562 318 denique
591 279 629 308 v.
653 265 858 322 χύτραις,
894 266 965 319 qui
996 267 1039 305 et
1067 264 1159 317 ipse
1186 263 1267 304 hoc
1293 273 1440 304 versus
1468 262 1542 303 ad-

65 337 253 389 scripsit,
285 330 482 390 ίδρύσθη
515 338 695 379 exhibet.
756 339 930 379 Videtur
960 341 1098 376 autem
1128 335 1356 376 Danaidum
1386 334 1543 375 chorus

63 407 166 447 haec
195 407 330 459 loqui,
361 420 454 448 cum
485 409 664 462 Aegypti
693 408 874 448 filiorum
906 407 1142 447 violentiam
1174 406 1330 447 'veritae
1358 407 1402 447 in
1433 405 1542 447 lovis

66 490 180 519 aram
211 477 512 532 confugissent.

779 562 829 603 V.

227 648 362 692 Ἀλλ’
391 645 552 700 εἴσιθ’,
584 646 643 698 ὠς
672 646 723 691 τὸ
753 644 924 702 πρᾶγμ’
954 645 1123 700 ἐλέγξαι
1154 645 1375 704 βούλομαι

232 732 382 777 τουτί·
415 731 644 791 προσόζειν
674 732 757 789 γὰρ
786 732 923 774 κακοῦ
954 731 1032 774 τοῦ
1060 746 1138 787 μοι
1169 731 1300 777 δοκεῖ.

176 850 351 891 Photius
389 864 429 904 p.
466 850 551 890 596
589 850 609 889 1
654 853 696 889 et
732 849 903 890 Suidas:
962 844 1052 887 Τοῦ
1094 873 1149 880 —--
1198 845 1272 887 ἐπὶ
1313 844 1543 904 οὐδετέρου

59 914 394 976 Ἀριστοφάνης
423 918 666 961 Δαναΐσιν·
694 914 829 958 Ἀλλ’
862 914 1010 958 εἴσιθ’
1038 916 1128 960 κτλ.
1199 920 1271 960 Vs.
1304 921 1326 959 1
1373 921 1543 974 legeba-

60 994 130 1031 tur
158 988 290 1042 λέξαι,
323 991 433 1044 quod
466 991 651 1031 correxit
681 989 859 1030 fortasse
892 991 1085 1042 Lynceus
1114 990 1315 1042 loquitur,
1346 993 1416 1044 qui
1447 1004 1542 1033 cum

59 1061 433 1115 Hypermnestram
469 1074 641 1102 uxorem
672 1065 784 1101 esset
822 1061 1037 1109 ducturus,
1067 1060 1342 1102 infortunium
1372 1062 1542 1114 aliquod

60 1136 299 1185 auguratur.
357 1158 412 1166 —-
471 1134 543 1175 Vs.
574 1133 602 1172 2
638 1131 787 1172 Suidas
825 1132 934 1172 male
970 1125 1148 1172 κάκτού.
1225 1131 1403 1174 Photius
1440 1145 1540 1174 vero

61 1199 143 1242 τοῦ
167 1197 245 1254 μή.

754 1286 826 1328 Vl.

291 1367 457 1410 Κακῶν
486 1360 711 1411 τοσούτων
740 1367 947 1423 συνελέγη
976 1382 1056 1423 μοι
1084 1363 1295 1425 σώρακος.

158 1484 378 1526 Polluxx
409 1485 513 1525 130:
549 1481 673 1539 Τάχα
704 1482 750 1524 δὲ
779 1483 856 1524 καὶ
886 1478 1097 1537 στύρακος,
1127 1475 1169 1522 εἰ
1194 1482 1270 1522 καὶ
1300 1481 1422 1539 παρὰ
1452 1484 1544 1534 τοῖς

58 1553 389 1612 κωμῳδοποιοΐς
418 1548 555 1604 οὕτως
583 1551 838 1610 ὠνομάσθη
867 1552 919 1594 τὸ
949 1550 1149 1607 ἀγγεῖον,
1187 1552 1234 1593 ἐν
1263 1543 1298 1612 ᾧ
1325 1551 1381 1594 τὰ
1410 1551 1542 1606 σκεύη

60 1624 150 1666 τῶν
178 1621 434 1681 ὑποκριτῶν.
495 1621 834 1681 Ἀριστοφάνης
875 1623 921 1664 δὲ
957 1623 1004 1664 ἐν
1034 1622 1255 1665 Δαναΐσιν
1291 1621 1402 1679 ἔφη·
1442 1625 1544 1666 Κα-

59 1695 148 1737 κῶν
175 1696 268 1739 κτλ.
328 1698 389 1739 lta
420 1699 582 1738 dixisse.
601 1699 766 1739 videtur
795 1697 1111 1750 Aristophanes,
1144 1701 1189 1736 ut
1222 1698 1401 1750 tragicos
1429 1698 1542 1738 ride-

60 1773 128 1809 ret
162 1773 328 1821 poetas,
367 1770 437 1822 qui
476 1769 652 1824 plurima
692 1770 799 1811 mala
846 1769 888 1809 in
928 1780 1054 1810 unum
1093 1768 1272 1822 aliquem
1311 1781 1542 1822 congerere

61 1840 244 1881 student.

752 1919 847 1960 Vll.

261 2000 401 2054 (Καὶ)
430 1996 669 2043 δακτύλιον
693 1999 888 2056 χαλκοῦν
916 1999 1063 2056 φέρων
1092 1996 1320 2057 ἀπείρονα.

173 2105 407 2147 Scholiasta
434 2106 611 2147 Homeri
643 2106 760 2148 Iliad.
781 2098 825 2148 Ξ
837 2106 944 2146 20⁰:
971 2098 1307 2160 Ἀριστοφάνης
1327 2101 1543 2144 Δαναΐσι·

63 2171 309 2216 Δακτύλιον
333 2191 377 2230 χ.
410 2190 458 2230 φ.
489 2171 704 2230 ἀπείρονα
746 2174 847 2231 ἔφη.
905 2172 1001 2217 ἔστι
1031 2174 1078 2216 δὲ
1108 2172 1133 2217 ὁ
1163 2171 1353 2228 ἀπείρων
1382 2168 1543 2213 δακτύ-

62 2244 156 2294 λιος
190 2245 267 2286 καὶ
302 2241 327 2286 ὁ
367 2242 692 2298 άσυγκόλλητος
727 2247 805 2287 καὶ
845 2247 980 2300 πέρας
1017 2243 1079 2299 μὴ
1119 2242 1289 2292 δεικνὺς
1325 2238 1462 2297 ἀρχήν
1496 2255 1542 2283 τε

62 2314 138 2356 καὶ
165 2314 301 2363 τέλος.
358 2314 402 2355 οἱ
430 2312 514 2368 γὰρ
544 2311 793 2368 σφενδόνας
831 2313 1022 2369 ἔχοντες,
1061 2313 1122 2362 εἰς
1151 2311 1204 2363 ὃς
1241 2313 1285 2354 οἱ
1314 2311 1445 2354 λίθοι
1473 2311 1553 2354 «ἐν-

65 2380 274 2425 τίθενται
303 2379 331 2435 ἢ
362 2383 626 2440 σφραγῖδες,
665 2381 742 2425 οὐκ
779 2379 892 2425 εἰσὶν
930 2382 1169 2440 ἀπείρονες.
1228 2381 1280 2425 οὐ
1309 2379 1392 2438 γάρ
1422 2382 1544 2424 ἐστιν

64 2451 343 2510 ὁμοιομερής.
412 2456 573 2497 Similia
609 2457 807 2510 leguntur
845 2458 954 2511 apud
992 2457 1125 2498 schol.
1163 2458 1356 2499 Ambros.
1388 2456 1541 2509 Odyss.

63 2530 101 2570 Δ
130 2528 202 2577 98,
227 2527 307 2568 nisi
336 2528 447 2579 quod
477 2526 627 2581 φέρειν
655 2529 868 2569 scribitur:
906 2528 1039 2569 adieci
1077 2524 1180 2568 καί.
1246 2528 1343 2568 Huc
1373 2527 1545 2580 respicit

65 2598 290 2640 Grammat.
321 2599 502 2640 Bekkeri
532 2599 551 2640 1
580 2612 620 2653 p.
650 2600 736 2639 420
767 2601 842 2641 18:
875 2594 1177 2652 Ἀπείρονα
1208 2592 1539 2637 δακτύλιον·

65 2663 144 2707 τὸν
169 2665 232 2722 μὴ
261 2664 545 2709 συνάπτοντα
575 2665 716 2709 αὐτὸν
744 2666 908 2726 ἑαυτῷ·
946 2667 1115 2722 ἐλέγετο
1152 2666 1199 2708 δὲ
1237 2663 1431 2723 ἀπείρων
1466 2666 1544 2708 καὶ

67 2731 244 2793 ἄπειρος
271 2734 394 2794 παρὰ
423 2738 514 2790 τοῖς
541 2735 762 2789 Ἀττικοῖς
789 2740 866 2783 καὶ
888 2736 937 2781 τὸ
957 2739 1182 2796 περιφερὲς
1199 2731 1347 2789 ἁπλῶς
1378 2736 1541 2794 σχῆμα.
