<?xml version="1.0" encoding="UTF-8"?>
<!DOCTYPE html PUBLIC "-//W3C//DTD XHTML 1.0 Transitional//EN"
    "http://www.w3.org/TR/xhtml1/DTD/xhtml1-transitional.dtd">
<html xmlns="http://www.w3.org/1999/xhtml" xml:lang="en" lang="en">
 <head>
  <title>
</title>
<meta http-equiv="Content-Type" content="text/html;charset=utf-8" />
  <meta name='ocr-system' content='tesseract 3.04.00' />
  <meta name='ocr-capabilities' content='ocr_page ocr_carea ocr_par ocr_line ocrx_word'/>
</head>
<body>
  <div class='ocr_page' id='page_1' title='image "./fragmentacomicor02meinuoft_0502.png"; bbox 0 0 1716 3164; ppageno 0'>
   <div class='ocr_carea' id='block_1_1' title="bbox 178 163 1107 212">
    <p class='ocr_par' dir='ltr' id='par_1_1' title="bbox 178 163 1107 212">
     <span class='ocr_line' id='line_1_1' title="bbox 178 163 1107 212; baseline 0.003 -4"><span class='ocrx_word' id='word_1_1' title='bbox 178 163 290 208; x_wconf 79' lang='lat'><strong>110⁰</strong></span> <span class='ocrx_word' id='word_1_2' title='bbox 697 167 1107 212; x_wconf 81' lang='lat' dir='ltr'>ARISTOPHANIS</span> 
     </span>
    </p>
   </div>
   <div class='ocr_carea' id='block_1_2' title="bbox 171 273 1627 543">
    <p class='ocr_par' dir='ltr' id='par_1_2' title="bbox 171 273 1627 543">
     <span class='ocr_line' id='line_1_2' title="bbox 174 273 1627 333; baseline 0.003 -13"><span class='ocrx_word' id='word_1_3' title='bbox 174 280 253 322; x_wconf 89' lang='lat' dir='ltr'><em>VII</em></span> <span class='ocrx_word' id='word_1_4' title='bbox 282 293 323 332; x_wconf 91' lang='lat' dir='ltr'><em>p.</em></span> <span class='ocrx_word' id='word_1_5' title='bbox 352 278 434 318; x_wconf 74' lang='lat'><em>802</em></span> <span class='ocrx_word' id='word_1_6' title='bbox 465 277 519 318; x_wconf 83' lang='lat' dir='ltr'><em>D:</em></span> <span class='ocrx_word' id='word_1_7' title='bbox 553 273 826 318; x_wconf 82' lang='grc' dir='ltr'><em>Ἐπαινεΐται</em></span> <span class='ocrx_word' id='word_1_8' title='bbox 863 275 908 318; x_wconf 77' lang='grc' dir='ltr'><em>δὲ</em></span> <span class='ocrx_word' id='word_1_9' title='bbox 944 277 1023 319; x_wconf 83' lang='grc' dir='ltr'><em>τοῦ</em></span> <span class='ocrx_word' id='word_1_10' title='bbox 1062 274 1221 333; x_wconf 73' lang='grc' dir='ltr'><em>ἰχθύος</em></span> <span class='ocrx_word' id='word_1_11' title='bbox 1248 279 1405 323; x_wconf 79' lang='grc' dir='ltr'><em>τούτου</em></span> <span class='ocrx_word' id='word_1_12' title='bbox 1434 280 1488 323; x_wconf 80' lang='grc' dir='ltr'><em>τὰ</em></span> <span class='ocrx_word' id='word_1_13' title='bbox 1517 280 1627 324; x_wconf 82' lang='grc' dir='ltr'><em>ὑπο-</em></span> 
     </span>
     <span class='ocr_line' id='line_1_3' title="bbox 174 342 1627 407; baseline 0.006 -21"><span class='ocrx_word' id='word_1_14' title='bbox 174 344 373 402; x_wconf 84' lang='grc' dir='ltr'><em>γάστρια,</em></span> <span class='ocrx_word' id='word_1_15' title='bbox 400 343 458 395; x_wconf 79' lang='grc' dir='ltr'><em>ὠς</em></span> <span class='ocrx_word' id='word_1_16' title='bbox 485 346 560 387; x_wconf 85' lang='grc' dir='ltr'><em>καὶ</em></span> <span class='ocrx_word' id='word_1_17' title='bbox 589 342 818 399; x_wconf 80' lang='grc' dir='ltr'><em>Εὔβουλός</em></span> <span class='ocrx_word' id='word_1_18' title='bbox 849 360 986 402; x_wconf 68' lang='grc' dir='ltr'><em>φησιν</em></span> <span class='ocrx_word' id='word_1_19' title='bbox 1013 347 1060 388; x_wconf 82' lang='grc' dir='ltr'><em>ἐν</em></span> <span class='ocrx_word' id='word_1_20' title='bbox 1079 345 1204 390; x_wconf 87' lang='grc' dir='ltr'><em>Ἴωνι</em></span> <span class='ocrx_word' id='word_1_21' title='bbox 1223 378 1273 384; x_wconf 75' lang='lat'>—</span> <span class='ocrx_word' id='word_1_22' title='bbox 1303 348 1627 407; x_wconf 81' lang='grc' dir='ltr'><em>Ἀριστοφάνης</em></span> 
     </span>
     <span class='ocr_line' id='line_1_4' title="bbox 172 413 1627 475; baseline 0.003 -17"><span class='ocrx_word' id='word_1_23' title='bbox 172 414 414 470; x_wconf 77' lang='grc' dir='ltr'><em>Λημνίαις·</em></span> <span class='ocrx_word' id='word_1_24' title='bbox 462 413 548 457; x_wconf 84' lang='grc' dir='ltr'><em>Οὐκ</em></span> <span class='ocrx_word' id='word_1_25' title='bbox 586 413 670 470; x_wconf 84' lang='grc' dir='ltr'><em>ἕγχ.</em></span> <span class='ocrx_word' id='word_1_26' title='bbox 706 415 796 458; x_wconf 88' lang='grc' dir='ltr'><em>κτλ.</em></span> <span class='ocrx_word' id='word_1_27' title='bbox 868 419 987 459; x_wconf 86' lang='lat' dir='ltr'>Adde</span> <span class='ocrx_word' id='word_1_28' title='bbox 1030 420 1128 460; x_wconf 91' lang='lat' dir='ltr'><strong>ibid.</strong></span> <span class='ocrx_word' id='word_1_29' title='bbox 1170 434 1212 473; x_wconf 89' lang='lat' dir='ltr'><em>p.</em></span> <span class='ocrx_word' id='word_1_30' title='bbox 1241 422 1322 461; x_wconf 76' lang='lat'><em>299</em></span> <span class='ocrx_word' id='word_1_31' title='bbox 1352 423 1410 461; x_wconf 86' lang='lat' dir='ltr'><em>B:</em></span> <span class='ocrx_word' id='word_1_32' title='bbox 1455 417 1479 462; x_wconf 90' lang='grc' dir='ltr'>ὁ</span> <span class='ocrx_word' id='word_1_33' title='bbox 1520 420 1627 475; x_wconf 85' lang='grc' dir='ltr'><em>γοῦν</em></span> 
     </span>
     <span class='ocr_line' id='line_1_5' title="bbox 171 482 1523 543; baseline 0.004 -16"><span class='ocrx_word' id='word_1_34' title='bbox 171 482 499 542; x_wconf 75' lang='grc' dir='ltr'><em>Ἀριστοφάνης</em></span> <span class='ocrx_word' id='word_1_35' title='bbox 529 511 581 518; x_wconf 94' lang='grc'>-</span> <span class='ocrx_word' id='word_1_36' title='bbox 609 486 684 527; x_wconf 90' lang='grc' dir='ltr'><em>καὶ</em></span> <span class='ocrx_word' id='word_1_37' title='bbox 713 486 759 527; x_wconf 81' lang='grc' dir='ltr'><em>ἐν</em></span> <span class='ocrx_word' id='word_1_38' title='bbox 787 484 1026 540; x_wconf 78' lang='grc' dir='ltr'><em>Λημνίαις·</em></span> <span class='ocrx_word' id='word_1_39' title='bbox 1049 484 1259 543; x_wconf 77' lang='grc' dir='ltr'><em>’Έγχελυν</em></span> <span class='ocrx_word' id='word_1_40' title='bbox 1286 487 1523 533; x_wconf 80' lang='grc' dir='ltr'><em>Βοιωτίαν.</em></span> 
     </span>
    </p>
   </div>
   <div class='ocr_carea' id='block_1_3' title="bbox 173 600 1624 738">
    <p class='ocr_par' dir='ltr' id='par_1_3' title="bbox 173 600 1624 738">
     <span class='ocr_line' id='line_1_6' title="bbox 849 600 943 641; baseline -0.021 0"><span class='ocrx_word' id='word_1_41' title='bbox 849 600 943 641; x_wconf 86' lang='lat' dir='ltr'>VII.</span> 
     </span>
     <span class='ocr_line' id='line_1_7' title="bbox 173 673 1624 738; baseline 0.003 -18"><span class='ocrx_word' id='word_1_42' title='bbox 173 678 268 721; x_wconf 88' lang='grc' dir='ltr'><em>Καὶ</em></span> <span class='ocrx_word' id='word_1_43' title='bbox 305 677 385 730; x_wconf 81' lang='grc' dir='ltr'><em>τὴν</em></span> <span class='ocrx_word' id='word_1_44' title='bbox 412 677 649 734; x_wconf 82' lang='grc' dir='ltr'><em>κρατίστην</em></span> <span class='ocrx_word' id='word_1_45' title='bbox 679 676 859 734; x_wconf 78' lang='grc' dir='ltr'><em>δαίμον’</em></span> <span class='ocrx_word' id='word_1_46' title='bbox 891 673 942 731; x_wconf 81' lang='grc' dir='ltr'><em>ἧς</em></span> <span class='ocrx_word' id='word_1_47' title='bbox 971 679 1049 722; x_wconf 82' lang='grc' dir='ltr'><em>νῦν</em></span> <span class='ocrx_word' id='word_1_48' title='bbox 1076 677 1244 738; x_wconf 72' lang='grc' dir='ltr'><em>θερμός</em></span> <span class='ocrx_word' id='word_1_49' title='bbox 1271 677 1377 723; x_wconf 74' lang='grc' dir='ltr'><em>ἐσθ’</em></span> <span class='ocrx_word' id='word_1_50' title='bbox 1411 679 1435 723; x_wconf 88' lang='grc' dir='ltr'><em>ὁ</em></span> <span class='ocrx_word' id='word_1_51' title='bbox 1464 681 1624 737; x_wconf 80' lang='grc' dir='ltr'><em>βωμός.</em></span> 
     </span>
    </p>
   </div>
   <div class='ocr_carea' id='block_1_4' title="bbox 162 772 1627 1461">
    <p class='ocr_par' dir='ltr' id='par_1_4' title="bbox 162 772 1627 1461">
     <span class='ocr_line' id='line_1_8' title="bbox 288 772 1627 839; baseline 0.001 -17"><span class='ocrx_word' id='word_1_52' title='bbox 288 781 435 823; x_wconf 81' lang='lat' dir='ltr'><strong>Suidas</strong></span> <span class='ocrx_word' id='word_1_53' title='bbox 457 772 543 821; x_wconf 71' lang='grc' dir='ltr'><em>ἶ’.Ωι</em></span> <span class='ocrx_word' id='word_1_54' title='bbox 572 783 664 834; x_wconf 88' lang='lat' dir='ltr'><strong>(sic</strong></span> <span class='ocrx_word' id='word_1_55' title='bbox 691 787 806 823; x_wconf 87' lang='lat' dir='ltr'><strong>recte</strong></span> <span class='ocrx_word' id='word_1_56' title='bbox 837 782 975 823; x_wconf 85' lang='lat' dir='ltr'><strong>Iunius</strong></span> <span class='ocrx_word' id='word_1_57' title='bbox 1004 796 1078 836; x_wconf 88' lang='lat' dir='ltr'><em>pro</em></span> <span class='ocrx_word' id='word_1_58' title='bbox 1109 785 1218 838; x_wconf 82' lang='lat' dir='ltr'><strong>vulg.</strong></span> <span class='ocrx_word' id='word_1_59' title='bbox 1245 773 1310 837; x_wconf 80' lang='grc' dir='ltr'><em>ὦ)</em></span> <span class='ocrx_word' id='word_1_60' title='bbox 1347 781 1428 823; x_wconf 83' lang='grc' dir='ltr'><em>νῦν</em></span> <span class='ocrx_word' id='word_1_61' title='bbox 1462 783 1627 839; x_wconf 77' lang='grc' dir='ltr'><em>θερμοὶ</em></span> 
     </span>
     <span class='ocr_line' id='line_1_9' title="bbox 171 846 1623 908; baseline 0.003 -19"><span class='ocrx_word' id='word_1_62' title='bbox 171 847 328 904; x_wconf 78' lang='grc' dir='ltr'><em>βωμοί.</em></span> <span class='ocrx_word' id='word_1_63' title='bbox 383 848 453 890; x_wconf 77' lang='grc' dir='ltr'><em>ἐπὶ</em></span> <span class='ocrx_word' id='word_1_64' title='bbox 483 849 570 890; x_wconf 73' lang='grc' dir='ltr'><em>τῶν</em></span> <span class='ocrx_word' id='word_1_65' title='bbox 598 847 673 891; x_wconf 84' lang='grc' dir='ltr'><em>διὰ</em></span> <span class='ocrx_word' id='word_1_66' title='bbox 710 846 871 905; x_wconf 88' lang='grc' dir='ltr'><em>χρόνου</em></span> <span class='ocrx_word' id='word_1_67' title='bbox 910 849 1104 901; x_wconf 52' lang='lat' dir='ltr'><em>estavar}</em></span> <span class='ocrx_word' id='word_1_68' title='bbox 1138 849 1462 908; x_wconf 74' lang='grc' dir='ltr'><em>τυγχανόντων·</em></span> <span class='ocrx_word' id='word_1_69' title='bbox 1493 849 1623 907; x_wconf 83' lang='grc' dir='ltr'><em>Ἀρι-</em></span> 
     </span>
     <span class='ocr_line' id='line_1_10' title="bbox 171 914 1624 975; baseline 0.001 -14"><span class='ocrx_word' id='word_1_70' title='bbox 171 914 394 974; x_wconf 82' lang='grc' dir='ltr'><em>στοφάνης</em></span> <span class='ocrx_word' id='word_1_71' title='bbox 431 918 476 959; x_wconf 79' lang='grc' dir='ltr'><em>δὲ</em></span> <span class='ocrx_word' id='word_1_72' title='bbox 513 918 559 960; x_wconf 82' lang='grc' dir='ltr'><em>ἐν</em></span> <span class='ocrx_word' id='word_1_73' title='bbox 586 917 827 974; x_wconf 87' lang='grc' dir='ltr'><em>Λημνίαις·</em></span> <span class='ocrx_word' id='word_1_74' title='bbox 869 917 960 969; x_wconf 79' lang='grc' dir='ltr'><em>Τὴν</em></span> <span class='ocrx_word' id='word_1_75' title='bbox 988 934 1107 975; x_wconf 91' lang='grc' dir='ltr'><em>κρατ.</em></span> <span class='ocrx_word' id='word_1_76' title='bbox 1138 921 1227 964; x_wconf 86' lang='grc' dir='ltr'><em>κτλ.</em></span> <span class='ocrx_word' id='word_1_77' title='bbox 1287 921 1418 972; x_wconf 82' lang='grc' dir='ltr'><em>δηλοῖ</em></span> <span class='ocrx_word' id='word_1_78' title='bbox 1451 921 1497 962; x_wconf 79' lang='grc' dir='ltr'><em>δὲ</em></span> <span class='ocrx_word' id='word_1_79' title='bbox 1536 915 1624 963; x_wconf 81' lang='grc' dir='ltr'><em>ὅτι</em></span> 
     </span>
     <span class='ocr_line' id='line_1_11' title="bbox 170 985 1622 1044; baseline 0.002 -15"><span class='ocrx_word' id='word_1_80' title='bbox 170 985 257 1030; x_wconf 79' lang='grc' dir='ltr'><em>ἀεί</em></span> <span class='ocrx_word' id='word_1_81' title='bbox 312 1001 454 1037; x_wconf 87' lang='grc' dir='ltr'><em>τινες</em></span> <span class='ocrx_word' id='word_1_82' title='bbox 511 987 656 1044; x_wconf 82' lang='grc' dir='ltr'><em>παρὰ</em></span> <span class='ocrx_word' id='word_1_83' title='bbox 703 985 1048 1039; x_wconf 74' lang='grc' dir='ltr'><em>Ἀθηναίοις</em></span> <span class='ocrx_word' id='word_1_84' title='bbox 1089 990 1202 1042; x_wconf 81' lang='grc' dir='ltr'><em>ξένοι</em></span> <span class='ocrx_word' id='word_1_85' title='bbox 1253 991 1355 1031; x_wconf 72' lang='grc' dir='ltr'><em>θεοὶ</em></span> <span class='ocrx_word' id='word_1_86' title='bbox 1400 990 1622 1044; x_wconf 73' lang='grc' dir='ltr'><em>ἐτιμῶντο.</em></span> 
     </span>
     <span class='ocr_line' id='line_1_12' title="bbox 162 1058 1621 1114; baseline 0.001 -13"><span class='ocrx_word' id='word_1_87' title='bbox 162 1061 304 1102; x_wconf 74' lang='lat' dir='ltr'><strong>&#39;Recte</strong></span> <span class='ocrx_word' id='word_1_88' title='bbox 343 1061 550 1100; x_wconf 83' lang='lat' dir='ltr'><strong>Porsonus</strong></span> <span class='ocrx_word' id='word_1_89' title='bbox 595 1059 735 1100; x_wconf 79' lang='lat' dir='ltr'><strong>Pra‘ef.</strong></span> <span class='ocrx_word' id='word_1_90' title='bbox 781 1060 831 1100; x_wconf 79' lang='lat' dir='ltr'><em>ad</em></span> <span class='ocrx_word' id='word_1_91' title='bbox 871 1060 1031 1100; x_wconf 86' lang='lat' dir='ltr'><strong>Hecub.</strong></span> <span class='ocrx_word' id='word_1_92' title='bbox 1076 1075 1116 1114; x_wconf 90' lang='lat' dir='ltr'><em>p.</em></span> <span class='ocrx_word' id='word_1_93' title='bbox 1159 1063 1276 1102; x_wconf 84' lang='lat' dir='ltr'>XLII</span> <span class='ocrx_word' id='word_1_94' title='bbox 1319 1062 1475 1102; x_wconf 84' lang='lat' dir='ltr'><strong>addidit</strong></span> <span class='ocrx_word' id='word_1_95' title='bbox 1515 1058 1621 1103; x_wconf 87' lang='grc' dir='ltr'><em>καί.</em></span> 
     </span>
     <span class='ocr_line' id='line_1_13' title="bbox 168 1129 1620 1183; baseline 0 -13"><span class='ocrx_word' id='word_1_96' title='bbox 168 1130 355 1183; x_wconf 75' lang='lat' dir='ltr'><strong>Respicit</strong></span> <span class='ocrx_word' id='word_1_97' title='bbox 399 1129 480 1169; x_wconf 84' lang='lat' dir='ltr'><em>huc</em></span> <span class='ocrx_word' id='word_1_98' title='bbox 526 1130 784 1182; x_wconf 80' lang='lat' dir='ltr'><strong>Phrynichus</strong></span> <span class='ocrx_word' id='word_1_99' title='bbox 825 1129 868 1169; x_wconf 87' lang='lat' dir='ltr'><em>in</em></span> <span class='ocrx_word' id='word_1_100' title='bbox 914 1130 1091 1170; x_wconf 86' lang='lat' dir='ltr'><strong>Bekkeri</strong></span> <span class='ocrx_word' id='word_1_101' title='bbox 1132 1131 1287 1170; x_wconf 88' lang='lat' dir='ltr'><strong>Anecd.</strong></span> <span class='ocrx_word' id='word_1_102' title='bbox 1333 1131 1350 1170; x_wconf 95' lang='lat'>1</span> <span class='ocrx_word' id='word_1_103' title='bbox 1391 1144 1431 1182; x_wconf 91' lang='lat' dir='ltr'><em>p.</em></span> <span class='ocrx_word' id='word_1_104' title='bbox 1461 1131 1515 1170; x_wconf 79' lang='lat'><em>29</em></span> <span class='ocrx_word' id='word_1_105' title='bbox 1545 1131 1620 1171; x_wconf 81' lang='lat'><em>33:</em></span> 
     </span>
     <span class='ocr_line' id='line_1_14' title="bbox 175 1193 1622 1253; baseline 0.001 -15"><span class='ocrx_word' id='word_1_106' title='bbox 175 1195 331 1251; x_wconf 81' lang='grc' dir='ltr'><em>Βωμὸς</em></span> <span class='ocrx_word' id='word_1_107' title='bbox 367 1193 556 1251; x_wconf 75' lang='grc' dir='ltr'><em>θερμός·</em></span> <span class='ocrx_word' id='word_1_108' title='bbox 594 1196 762 1250; x_wconf 79' lang='grc' dir='ltr'><em>λέγεται</em></span> <span class='ocrx_word' id='word_1_109' title='bbox 799 1197 879 1250; x_wconf 73' lang='grc' dir='ltr'><em>μὲν</em></span> <span class='ocrx_word' id='word_1_110' title='bbox 916 1195 988 1236; x_wconf 79' lang='grc' dir='ltr'><em>ἐπὶ</em></span> <span class='ocrx_word' id='word_1_111' title='bbox 1026 1196 1111 1238; x_wconf 78' lang='grc' dir='ltr'><em>τῶν</em></span> <span class='ocrx_word' id='word_1_112' title='bbox 1139 1198 1315 1253; x_wconf 78' lang='grc' dir='ltr'><em>θερμῶς</em></span> <span class='ocrx_word' id='word_1_113' title='bbox 1343 1193 1622 1252; x_wconf 81' lang='grc' dir='ltr'><em>εὐδοκιμούν-</em></span> 
     </span>
     <span class='ocr_line' id='line_1_15' title="bbox 168 1261 1621 1323; baseline 0.002 -15"><span class='ocrx_word' id='word_1_114' title='bbox 168 1280 256 1308; x_wconf 85' lang='grc' dir='ltr'><em>των</em></span> <span class='ocrx_word' id='word_1_115' title='bbox 291 1264 338 1307; x_wconf 83' lang='grc' dir='ltr'><em>ἕν</em></span> <span class='ocrx_word' id='word_1_116' title='bbox 373 1279 481 1317; x_wconf 90' lang='grc' dir='ltr'><em>τινι,</em></span> <span class='ocrx_word' id='word_1_117' title='bbox 527 1266 810 1321; x_wconf 70' lang='grc' dir='ltr'><em>μετείληπται</em></span> <span class='ocrx_word' id='word_1_118' title='bbox 849 1264 894 1306; x_wconf 77' lang='grc' dir='ltr'><em>δὲ</em></span> <span class='ocrx_word' id='word_1_119' title='bbox 931 1263 1019 1306; x_wconf 80' lang='grc' dir='ltr'><em>άπὸ</em></span> <span class='ocrx_word' id='word_1_120' title='bbox 1059 1266 1146 1308; x_wconf 79' lang='grc' dir='ltr'><em>τῶν</em></span> <span class='ocrx_word' id='word_1_121' title='bbox 1183 1267 1335 1323; x_wconf 74' lang='grc' dir='ltr'><em>ἱερῶν,</em></span> <span class='ocrx_word' id='word_1_122' title='bbox 1363 1261 1424 1310; x_wconf 71' lang='grc' dir='ltr'><em>ὦν</em></span> <span class='ocrx_word' id='word_1_123' title='bbox 1463 1268 1537 1310; x_wconf 82' lang='grc' dir='ltr'><em>διὰ</em></span> <span class='ocrx_word' id='word_1_124' title='bbox 1571 1268 1621 1311; x_wconf 86' lang='grc' dir='ltr'><em>τὸ</em></span> 
     </span>
     <span class='ocr_line' id='line_1_16' title="bbox 168 1331 1618 1393; baseline 0.003 -15"><span class='ocrx_word' id='word_1_125' title='bbox 168 1332 509 1393; x_wconf 70' lang='grc' dir='ltr'><em>θρησκεύεσθαι</em></span> <span class='ocrx_word' id='word_1_126' title='bbox 551 1335 759 1392; x_wconf 80' lang='grc' dir='ltr'><em>περιττῶς</em></span> <span class='ocrx_word' id='word_1_127' title='bbox 801 1333 966 1391; x_wconf 74' lang='grc' dir='ltr'><em>θερμοί</em></span> <span class='ocrx_word' id='word_1_128' title='bbox 1008 1331 1119 1378; x_wconf 81' lang='grc' dir='ltr'><em>εἰσιν</em></span> <span class='ocrx_word' id='word_1_129' title='bbox 1160 1338 1202 1379; x_wconf 85' lang='grc' dir='ltr'><em>οἱ</em></span> <span class='ocrx_word' id='word_1_130' title='bbox 1245 1337 1400 1393; x_wconf 78' lang='grc' dir='ltr'><em>βωμοί.</em></span> <span class='ocrx_word' id='word_1_131' title='bbox 1459 1342 1618 1383; x_wconf 82' lang='lat' dir='ltr'><strong>Bendin</strong></span> 
     </span>
     <span class='ocr_line' id='line_1_17' title="bbox 169 1403 1356 1461; baseline 0.002 -10"><span class='ocrx_word' id='word_1_132' title='bbox 169 1413 307 1451; x_wconf 82' lang='lat' dir='ltr'><strong>autem</strong></span> <span class='ocrx_word' id='word_1_133' title='bbox 338 1408 418 1448; x_wconf 85' lang='lat' dir='ltr'><strong>dici</strong></span> <span class='ocrx_word' id='word_1_134' title='bbox 447 1403 684 1461; x_wconf 86' lang='grc' dir='ltr'><em>κρατίστην</em></span> <span class='ocrx_word' id='word_1_135' title='bbox 714 1403 906 1460; x_wconf 85' lang='grc' dir='ltr'><em>δαίμονα</em></span> <span class='ocrx_word' id='word_1_136' title='bbox 936 1409 1115 1449; x_wconf 82' lang='lat' dir='ltr'><strong>ostendit</strong></span> <span class='ocrx_word' id='word_1_137' title='bbox 1141 1410 1211 1450; x_wconf 87' lang='lat' dir='ltr'><em>Fr.</em></span> <span class='ocrx_word' id='word_1_138' title='bbox 1242 1411 1356 1453; x_wconf 89' lang='lat' dir='ltr'>VIII.</span> 
     </span>
    </p>
   </div>
   <div class='ocr_carea' id='block_1_5' title="bbox 119 1519 1696 1935">
    <p class='ocr_par' dir='ltr' id='par_1_5' title="bbox 842 1519 955 1562">
     <span class='ocr_line' id='line_1_18' title="bbox 842 1519 955 1562; baseline -0.027 0"><span class='ocrx_word' id='word_1_139' title='bbox 842 1519 955 1562; x_wconf 88' lang='lat' dir='ltr'>VIII.</span> 
     </span>
    </p>

    <p class='ocr_par' dir='ltr' id='par_1_6' title="bbox 119 1596 1696 1935">
     <span class='ocr_line' id='line_1_19' title="bbox 277 1596 1619 1658; baseline -0.001 -15"><span class='ocrx_word' id='word_1_140' title='bbox 277 1602 452 1643; x_wconf 85' lang='lat' dir='ltr'><strong>Photius</strong></span> <span class='ocrx_word' id='word_1_141' title='bbox 487 1614 529 1655; x_wconf 85' lang='lat' dir='ltr'><em>p.</em></span> <span class='ocrx_word' id='word_1_142' title='bbox 559 1600 639 1642; x_wconf 78' lang='lat'><em>251</em></span> <span class='ocrx_word' id='word_1_143' title='bbox 680 1601 732 1641; x_wconf 82' lang='lat'><em>7:</em></span> <span class='ocrx_word' id='word_1_144' title='bbox 773 1596 1048 1653; x_wconf 89' lang='grc' dir='ltr'><em>Μεγάλην</em></span> <span class='ocrx_word' id='word_1_145' title='bbox 1088 1599 1243 1643; x_wconf 77' lang='grc' dir='ltr'><em>θεὸν·</em></span> <span class='ocrx_word' id='word_1_146' title='bbox 1294 1598 1619 1658; x_wconf 79' lang='grc' dir='ltr'><em>Ἀριστοφάνης</em></span> 
     </span>
     <span class='ocr_line' id='line_1_20' title="bbox 165 1667 1617 1728; baseline 0.001 -16"><span class='ocrx_word' id='word_1_147' title='bbox 165 1670 214 1713; x_wconf 76' lang='grc' dir='ltr'><em>ἐν</em></span> <span class='ocrx_word' id='word_1_148' title='bbox 246 1668 492 1724; x_wconf 86' lang='grc' dir='ltr'><em>Λημνίαις·</em></span> <span class='ocrx_word' id='word_1_149' title='bbox 534 1669 639 1718; x_wconf 79' lang='grc' dir='ltr'><em>ἴσως</em></span> <span class='ocrx_word' id='word_1_150' title='bbox 676 1669 952 1722; x_wconf 77' lang='grc' dir='ltr'><em>τελβαιναν··</em></span> <span class='ocrx_word' id='word_1_151' title='bbox 983 1667 1173 1728; x_wconf 80' lang='grc' dir='ltr'><em>Θρᾴκιον</em></span> <span class='ocrx_word' id='word_1_152' title='bbox 1211 1669 1305 1727; x_wconf 88' lang='grc' dir='ltr'><em>γάρ.</em></span> <span class='ocrx_word' id='word_1_153' title='bbox 1364 1674 1617 1714; x_wconf 73' lang='lat' dir='ltr'><strong>emendatius</strong></span> 
     </span>
     <span class='ocr_line' id='line_1_21' title="bbox 119 1728 1619 1796; baseline -0.001 -13"><span class='ocrx_word' id='word_1_154' title='bbox 119 1728 125 1740; x_wconf 68' lang='lat'><em>⁷</em></span> <span class='ocrx_word' id='word_1_155' title='bbox 167 1743 310 1783; x_wconf 85' lang='lat' dir='ltr'><strong>eadem</strong></span> <span class='ocrx_word' id='word_1_156' title='bbox 341 1742 506 1782; x_wconf 85' lang='lat' dir='ltr'><strong>exhibet</strong></span> <span class='ocrx_word' id='word_1_157' title='bbox 532 1741 787 1793; x_wconf 80' lang='lat' dir='ltr'><strong>Hesychius:</strong></span> <span class='ocrx_word' id='word_1_158' title='bbox 819 1735 1078 1792; x_wconf 77' lang='grc' dir='ltr'><em>Μεγάλην</em></span> <span class='ocrx_word' id='word_1_159' title='bbox 1106 1742 1171 1782; x_wconf 75' lang='grc' dir='ltr'><em>θε</em></span> <span class='ocrx_word' id='word_1_160' title='bbox 1184 1738 1262 1782; x_wconf 89' lang='grc' dir='ltr'><em>όν·</em></span> <span class='ocrx_word' id='word_1_161' title='bbox 1290 1738 1619 1796; x_wconf 72' lang='grc' dir='ltr'><em>Ἀριστοφάνης</em></span> 
     </span>
     <span class='ocr_line' id='line_1_22' title="bbox 165 1806 1617 1866; baseline 0.001 -13"><span class='ocrx_word' id='word_1_162' title='bbox 165 1809 251 1866; x_wconf 80' lang='grc' dir='ltr'><em>ἔφη</em></span> <span class='ocrx_word' id='word_1_163' title='bbox 287 1808 368 1861; x_wconf 79' lang='grc' dir='ltr'><em>τὴν</em></span> <span class='ocrx_word' id='word_1_164' title='bbox 403 1809 475 1850; x_wconf 86' lang='grc' dir='ltr'><em>Βέ</em></span> <span class='ocrx_word' id='word_1_165' title='bbox 485 1807 545 1849; x_wconf 88' lang='grc' dir='ltr'><em>νδ</em></span> <span class='ocrx_word' id='word_1_166' title='bbox 557 1821 619 1851; x_wconf 89' lang='grc' dir='ltr'><em>ιν.</em></span> <span class='ocrx_word' id='word_1_167' title='bbox 681 1806 851 1865; x_wconf 49' lang='grc' dir='ltr'><em>Θριιικία</em></span> <span class='ocrx_word' id='word_1_168' title='bbox 878 1807 961 1864; x_wconf 85' lang='grc' dir='ltr'><em>γὰρ</em></span> <span class='ocrx_word' id='word_1_169' title='bbox 989 1809 1015 1861; x_wconf 81' lang='grc' dir='ltr'>ἡ</span> <span class='ocrx_word' id='word_1_170' title='bbox 1047 1807 1166 1860; x_wconf 75' lang='grc' dir='ltr'><em>θεός.</em></span> <span class='ocrx_word' id='word_1_171' title='bbox 1225 1813 1471 1866; x_wconf 66' lang='grc' dir='ltr'><em>ῦοωρςιτοιιῑ</em></span> <span class='ocrx_word' id='word_1_172' title='bbox 1499 1826 1617 1866; x_wconf 79' lang='lat' dir='ltr'><strong>prae-</strong></span> 
     </span>
     <span class='ocr_line' id='line_1_23' title="bbox 164 1877 1696 1935; baseline -0.003 -11"><span class='ocrx_word' id='word_1_173' title='bbox 164 1888 278 1924; x_wconf 75' lang='lat' dir='ltr'><strong>terea</strong></span> <span class='ocrx_word' id='word_1_174' title='bbox 308 1882 561 1935; x_wconf 81' lang='lat' dir='ltr'><strong>Stephanum</strong></span> <span class='ocrx_word' id='word_1_175' title='bbox 589 1882 689 1934; x_wconf 77' lang='lat' dir='ltr'><strong>Byz.</strong></span> <span class='ocrx_word' id='word_1_176' title='bbox 720 1894 757 1921; x_wconf 88' lang='lat' dir='ltr'><em>v.</em></span> <span class='ocrx_word' id='word_1_177' title='bbox 786 1877 979 1933; x_wconf 78' lang='grc' dir='ltr'><em>Λῆμνος.</em></span> <span class='ocrx_word' id='word_1_178' title='bbox 1694 1877 1696 1890; x_wconf 62' lang='lat'><em>³</em></span> 
     </span>
    </p>
   </div>
   <div class='ocr_carea' id='block_1_6' title="bbox 164 1981 1616 2615">
    <p class='ocr_par' dir='ltr' id='par_1_7' title="bbox 385 1981 1397 2204">
     <span class='ocr_line' id='line_1_24' title="bbox 853 1981 925 2022; baseline 0.014 -1"><span class='ocrx_word' id='word_1_179' title='bbox 853 1981 925 2022; x_wconf 86' lang='lat' dir='ltr'><em>lx.</em></span> 
     </span>
     <span class='ocr_line' id='line_1_25' title="bbox 385 2058 1397 2118; baseline 0 -15"><span class='ocrx_word' id='word_1_180' title='bbox 385 2058 518 2104; x_wconf 69' lang='grc' dir='ltr'><em>Ἀλλ’</em></span> <span class='ocrx_word' id='word_1_181' title='bbox 551 2059 709 2117; x_wconf 80' lang='grc' dir='ltr'><em>ἀρτίως</em></span> <span class='ocrx_word' id='word_1_182' title='bbox 737 2061 968 2103; x_wconf 80' lang='grc' dir='ltr'><em>κατέλιπον</em></span> <span class='ocrx_word' id='word_1_183' title='bbox 996 2058 1137 2113; x_wconf 78' lang='grc' dir='ltr'><em>αὐτὴν</em></span> <span class='ocrx_word' id='word_1_184' title='bbox 1165 2063 1397 2118; x_wconf 81' lang='grc' dir='ltr'><em>σμωμένην</em></span> 
     </span>
     <span class='ocr_line' id='line_1_26' title="bbox 386 2144 697 2204; baseline 0.006 -17"><span class='ocrx_word' id='word_1_185' title='bbox 386 2144 432 2187; x_wconf 75' lang='grc' dir='ltr'><em>ἐν</em></span> <span class='ocrx_word' id='word_1_186' title='bbox 461 2145 513 2204; x_wconf 80' lang='grc' dir='ltr'><em>τῇ</em></span> <span class='ocrx_word' id='word_1_187' title='bbox 541 2145 697 2203; x_wconf 75' lang='grc' dir='ltr'><em>πυέλῳ.</em></span> 
     </span>
    </p>

    <p class='ocr_par' dir='ltr' id='par_1_8' title="bbox 164 2224 1616 2424">
     <span class='ocr_line' id='line_1_27' title="bbox 276 2224 1616 2285; baseline -0.002 -13"><span class='ocrx_word' id='word_1_188' title='bbox 276 2232 423 2273; x_wconf 83' lang='lat' dir='ltr'><strong>Pollux</strong></span> <span class='ocrx_word' id='word_1_189' title='bbox 451 2232 667 2274; x_wconf 77' lang='lat' dir='ltr'>V11&#39;166:</span> <span class='ocrx_word' id='word_1_190' title='bbox 704 2225 893 2278; x_wconf 83' lang='grc' dir='ltr'><em>Εἰκότως</em></span> <span class='ocrx_word' id='word_1_191' title='bbox 929 2226 979 2268; x_wconf 78' lang='grc' dir='ltr'><em>δ’</em></span> <span class='ocrx_word' id='word_1_192' title='bbox 1011 2224 1067 2270; x_wconf 74' lang='grc' dir='ltr'><em>ἂν</em></span> <span class='ocrx_word' id='word_1_193' title='bbox 1096 2225 1312 2285; x_wconf 72' lang='grc' dir='ltr'><em>βαλανείῳ</em></span> <span class='ocrx_word' id='word_1_194' title='bbox 1352 2224 1616 2284; x_wconf 77' lang='grc' dir='ltr'><em>προσάγοιτο</em></span> 
     </span>
     <span class='ocr_line' id='line_1_28' title="bbox 164 2294 1615 2354; baseline -0.002 -13"><span class='ocrx_word' id='word_1_195' title='bbox 164 2301 237 2343; x_wconf 88' lang='grc' dir='ltr'><em>καὶ</em></span> <span class='ocrx_word' id='word_1_196' title='bbox 276 2298 325 2341; x_wconf 86' lang='grc' dir='ltr'><em>τὸ</em></span> <span class='ocrx_word' id='word_1_197' title='bbox 362 2299 408 2340; x_wconf 76' lang='grc' dir='ltr'><em>ἐν</em></span> <span class='ocrx_word' id='word_1_198' title='bbox 444 2300 538 2348; x_wconf 80' lang='grc' dir='ltr'><em>ταῖς</em></span> <span class='ocrx_word' id='word_1_199' title='bbox 566 2297 785 2353; x_wconf 87' lang='grc' dir='ltr'><em>Λημνίαις</em></span> <span class='ocrx_word' id='word_1_200' title='bbox 820 2296 898 2340; x_wconf 83' lang='grc' dir='ltr'><em>ὑπ’</em></span> <span class='ocrx_word' id='word_1_201' title='bbox 928 2296 1065 2340; x_wconf 82' lang='grc' dir='ltr'><em>αὐτοῦ</em></span> <span class='ocrx_word' id='word_1_202' title='bbox 1094 2294 1338 2354; x_wconf 77' lang='grc' dir='ltr'><em>εἰρημένον·</em></span> <span class='ocrx_word' id='word_1_203' title='bbox 1371 2294 1504 2338; x_wconf 77' lang='grc' dir='ltr'><em>Ἀλλ’</em></span> <span class='ocrx_word' id='word_1_204' title='bbox 1535 2295 1615 2353; x_wconf 84' lang='grc' dir='ltr'><em>άρ-</em></span> 
     </span>
     <span class='ocr_line' id='line_1_29' title="bbox 166 2368 1390 2424; baseline -0.002 -13"><span class='ocrx_word' id='word_1_205' title='bbox 166 2368 266 2420; x_wconf 85' lang='grc' dir='ltr'><em>τίως</em></span> <span class='ocrx_word' id='word_1_206' title='bbox 294 2369 383 2411; x_wconf 89' lang='grc' dir='ltr'><em>κτλ.</em></span> <span class='ocrx_word' id='word_1_207' title='bbox 428 2371 535 2412; x_wconf 84' lang='lat' dir='ltr'><strong>Dicit</strong></span> <span class='ocrx_word' id='word_1_208' title='bbox 559 2370 735 2412; x_wconf 80' lang='lat' dir='ltr'><strong>fortasse</strong></span> <span class='ocrx_word' id='word_1_209' title='bbox 765 2383 907 2412; x_wconf 87' lang='lat' dir='ltr'><strong>servus</strong></span> <span class='ocrx_word' id='word_1_210' title='bbox 937 2372 989 2412; x_wconf 89' lang='lat' dir='ltr'><em>de</em></span> <span class='ocrx_word' id='word_1_211' title='bbox 1018 2369 1249 2424; x_wconf 81' lang='lat' dir='ltr'><strong>Hypsipyle</strong></span> <span class='ocrx_word' id='word_1_212' title='bbox 1278 2369 1390 2410; x_wconf 81' lang='lat' dir='ltr'><strong>hera.</strong></span> 
     </span>
    </p>

    <p class='ocr_par' dir='ltr' id='par_1_9' title="bbox 433 2482 1338 2615">
     <span class='ocr_line' id='line_1_30' title="bbox 865 2482 932 2524; baseline -0.03 0"><span class='ocrx_word' id='word_1_213' title='bbox 865 2482 932 2524; x_wconf 48' lang='lat' dir='ltr'><em>Xe</em></span> 
     </span>
     <span class='ocr_line' id='line_1_31' title="bbox 433 2557 1338 2615; baseline -0.002 -10"><span class='ocrx_word' id='word_1_214' title='bbox 433 2557 549 2612; x_wconf 77' lang='grc' dir='ltr'><em>ιἘως</em></span> <span class='ocrx_word' id='word_1_215' title='bbox 578 2560 733 2614; x_wconf 81' lang='grc' dir='ltr'><em>νεαλής</em></span> <span class='ocrx_word' id='word_1_216' title='bbox 760 2562 878 2604; x_wconf 79' lang='grc' dir='ltr'><em>ἐστιν</em></span> <span class='ocrx_word' id='word_1_217' title='bbox 907 2558 1047 2612; x_wconf 75' lang='grc' dir='ltr'><em>αὐτὴν</em></span> <span class='ocrx_word' id='word_1_218' title='bbox 1075 2558 1154 2611; x_wconf 82' lang='grc' dir='ltr'><em>τὴν</em></span> <span class='ocrx_word' id='word_1_219' title='bbox 1182 2558 1338 2615; x_wconf 76' lang='grc' dir='ltr'><em>α’κμήν.</em></span> 
     </span>
    </p>
   </div>
   <div class='ocr_carea' id='block_1_7' title="bbox 164 2640 1683 2781">
    <p class='ocr_par' dir='ltr' id='par_1_10' title="bbox 164 2640 1683 2781">
     <span class='ocr_line' id='line_1_32' title="bbox 275 2640 1683 2702; baseline -0.004 -14"><span class='ocrx_word' id='word_1_220' title='bbox 275 2648 445 2690; x_wconf 69' lang='lat' dir='ltr'><em>photius</em></span> <span class='ocrx_word' id='word_1_221' title='bbox 474 2664 514 2702; x_wconf 89' lang='lat' dir='ltr'><em>p.</em></span> <span class='ocrx_word' id='word_1_222' title='bbox 545 2652 630 2690; x_wconf 78' lang='lat'><em>290</em></span> <span class='ocrx_word' id='word_1_223' title='bbox 659 2651 735 2689; x_wconf 81' lang='lat'><em>16:</em></span> <span class='ocrx_word' id='word_1_224' title='bbox 765 2642 961 2697; x_wconf 84' lang='grc' dir='ltr'><em>Νεαλής·</em></span> <span class='ocrx_word' id='word_1_225' title='bbox 991 2642 1220 2685; x_wconf 74' lang='grc' dir='ltr'><em>ἐκτείνεται</em></span> <span class='ocrx_word' id='word_1_226' title='bbox 1248 2642 1298 2684; x_wconf 91' lang='grc' dir='ltr'><em>τὸ</em></span> <span class='ocrx_word' id='word_1_227' title='bbox 1326 2642 1366 2685; x_wconf 81' lang='grc' dir='ltr'><em>ἆ.</em></span> <span class='ocrx_word' id='word_1_228' title='bbox 1410 2640 1613 2697; x_wconf 87' lang='grc' dir='ltr'><em>Ἀριστο-</em></span> <span class='ocrx_word' id='word_1_229' title='bbox 1682 2654 1683 2658; x_wconf 74' lang='grc'>’</span> 
     </span>
     <span class='ocr_line' id='line_1_33' title="bbox 164 2711 1681 2781; baseline -0.003 -24"><span class='ocrx_word' id='word_1_230' title='bbox 164 2712 306 2772; x_wconf 74' lang='grc' dir='ltr'><em>ᾳάνης</em></span> <span class='ocrx_word' id='word_1_231' title='bbox 346 2715 588 2770; x_wconf 75' lang='grc' dir='ltr'><em>Λημνίαις·</em></span> <span class='ocrx_word' id='word_1_232' title='bbox 630 2711 746 2765; x_wconf 57' lang='grc' dir='ltr'><em>(Ἕως</em></span> <span class='ocrx_word' id='word_1_233' title='bbox 790 2744 845 2751; x_wconf 90' lang='lat'><em>—-</em></span> <span class='ocrx_word' id='word_1_234' title='bbox 892 2713 1165 2770; x_wconf 82' lang='grc' dir='ltr'><em>Μένανδρος.</em></span> <span class='ocrx_word' id='word_1_235' title='bbox 1244 2714 1402 2769; x_wconf 79' lang='lat' dir='ltr'><strong>Eqdem</strong></span> <span class='ocrx_word' id='word_1_236' title='bbox 1450 2713 1614 2766; x_wconf 80' lang='lat' dir='ltr'><strong>respicit</strong></span> <span class='ocrx_word' id='word_1_237' title='bbox 1679 2759 1681 2781; x_wconf 68' lang='lat' dir='ltr'>z</span> 
     </span>
    </p>
   </div>
   <div class='ocr_carea' id='block_1_8' title="bbox 1672 1060 1716 3164">
    <p class='ocr_par' dir='ltr' id='par_1_11' title="bbox 1672 1060 1716 3164">
     <span class='ocr_line' id='line_1_34' title="bbox 1672 1060 1716 3164; baseline 0 0"><span class='ocrx_word' id='word_1_238' title='bbox 1672 1060 1716 3164; x_wconf 95' lang='lat' dir='ltr'><em> </em></span> 
     </span>
    </p>
   </div>
  </div>
 </body>
</html>
