1716 3164
234 173 342 214 1278

230 278 435 335 μητρυιὰς
463 281 559 320 790.

233 352 379 393 Midias
409 343 697 403 ὀρτυγοκόπος
725 350 806 390 653
834 363 893 402 sq.

229 413 493 472 μιλτωρυχία
522 419 619 458 707.

229 486 413 542 μίσητος
444 492 485 527 et
513 483 694 538 μισητὸς
723 487 818 526 203.

230 558 390 598 moenia
419 558 538 608 longa
566 557 819 597 Athenarum
848 556 946 596 219.

230 627 385 667 Moeris
421 626 606 666 Atticista
637 626 731 665 573.

232 692 397 748 μολγὸν
427 688 566 733 αἵνειν
594 697 689 735 989.

233 765 451 805 monodiac
483 764 689 815 Euripidis
721 765 844 803 1008.

231 833 368 885 Mopsi
400 833 492 871 libri
524 833 574 870 de
605 832 850 872 divinatione
882 833 1001 871 1229.

229 895 619 954 μορμολύττεσθαι
649 905 689 940 et
716 897 1030 954 μορμολύττειν
1058 899 1154 939 235.

232 971 456 1011 Morsimus
487 975 606 1022 poeta
636 971 778 1019 malus,
810 984 885 1011 nec
915 970 1059 1009 melior
1089 969 1268 1008 medicus
1299 968 1395 1007 059.

231 1039 425 1091 Morychi
455 1040 605 1091 legatio
637 1040 732 1079 970.

230 1105 457 1160 post-evm
487 1106 643 1159 πέτρας
672 1109 767 1147 640.

230 1178 484 1216 munimenta
514 1177 763 1216 Athenarum
795 1176 889 1214 219.

231 1246 416 1297 Myconii
446 1241 639 1296 γλίσχροι
671 1246 763 1284 176,

231 1315 442 1366 Myniscus
473 1315 614 1353 histrio
645 1314 739 1353 068.

229 1380 410 1436 μυρίνης
439 1373 556 1429 οἶνος
584 1385 679 1423 780.

229 1447 466 1504 μυρμήκων
495 1448 688 1503 ἀτραπὸς
717 1453 812 1492 331.

235 1515 644 1574 μυρμηκάνθρωποι
673 1521 768 1561 310.

229 1584 368 1642 μύρον
396 1586 467 1628 ἐπὶ
496 1586 614 1644 φακῇ
642 1590 739 1630 780.

231 1655 371 1712 μύρον
401 1659 451 1698 de
482 1659 572 1698 loco
604 1660 673 1698 ubi
703 1662 909 1712 unguenta
938 1657 1175 1709 prostabant
1203 1656 1299 1695 253.

231 1729 445 1781 Myrrhina
475 1729 669 1767 meretrix
698 1729 794 1768 444.
1315 1728 1316 1731 ’

229 1793 435 1850 μυρρίναι
466 1793 664 1851 φιβάλεῳ
692 1799 789 1838 881.

232 1866 476 1920 μυσικαρᾳὶ
509 1867 602 1907 168.

231 1937 471 1988 Myrouides
499 1937 595 1976 402.

228 2000 413 2057 μύσταξ.
446 2006 496 2044 de
527 2007 750 2057 quantitate
781 2005 1029 2058 penultimae
1058 2005 1098 2045 in
1129 2004 1287 2044 casibus
1316 2003 1490 2055 obliquis
1517 2005 1614 2044 789.

921 2131 971 2172 Ν.

231 2212 443 2252 Narcissus
473 2211 594 2250 heros
627 2211 870 2252 Eretriensis
901 2214 998 2254 419.

229 2277 382 2328 νεαλὴς
414 2281 536 2320 1101.

231 2351 394 2403 negatio
425 2350 573 2389 omissa
602 2350 697 2389 487.

232 2420 418 2459 Nemesis
448 2423 489 2457 et
521 2419 629 2458 Leda
657 2417 726 2457 81.

231 2487 310 2526 νέω
340 2489 519 2537 atticum,
550 2500 630 2527 non
662 2481 790 2533 νήθω
820 2486 915 2526 550.

232 2549 362 2604 νῆθω
393 2569 472 2596 non
504 2556 668 2595 atticum
699 2555 795 2594 556.

233 2626 371 2666 Niciae
400 2626 634 2677 superstitio
665 2625 760 2663 952.

231 2696 387 2734 nitrum
417 2695 601 2734 manibus
632 2693 811 2733 lavandis
841 2692 1065 2733 adhibitum
1095 2694 1191 2734 038.
