1716 3164
176 155 286 199 naz
691 155 1100 201 ARISTOPHANIS

175 267 299 321 λουν,
325 263 383 314 ὠς
412 264 541 315 δηλοῖ
560 262 892 322 Ἀριστοφάνης
933 269 1069 318 (Ran.
1100 283 1136 310 v.
1166 270 1278 323 510)
1310 267 1624 324 Ἠβυλλιωσαι

175 335 298 391 κᾶρτι
341 336 718 390 παρατετιλμέναι.
792 340 1021 379 Gudianum
1063 353 1103 392 p.
1148 340 1227 380 59:
1270 337 1512 394 Λορύαλος·
1573 338 1623 381 τὸ

175 406 419 459 γυναικεῖον
447 401 631 448 αιδοῖον.
690 403 1031 462 Ἀριστοᾳάνης,
1064 407 1111 447 αἱ
1141 409 1333 459 ρυναῖκες
1362 409 1438 450 τὸν
1466 408 1624 466 6092?oe—

175 476 252 516 λον
283 472 538 530 φράγονται,
571 475 689 531 παρὰ
719 475 767 517 τὸ
804 475 952 530 δέρειν.
983 479 1116 519 -Ad
1139 479 1324 518 Lemnia·
1353 486 1486 522 autem
1515 483 1624 524 hunc

175 559 337 587 versum
367 546 632 587 referendum
672 560 762 587 esse
799 553 969 600 apparet
1008 561 1055 587 ex
1086 549 1318 601 Hesychioz
1354 547 1622 602 Δορυαλλός·

175 613 226 655 τὸ
255 614 341 655 τῶν
371 614 584 666 γυναικῶν
610 611 779 669 μόριον.
823 612 911 656 ἀπὸ
942 614 1020 656 τοῦ
1050 616 1198 670 δέρειν,
1229 612 1255 664 ἢ
1282 614 1362 671 ἐφ’
1394 611 1515 672 ὕβρει
1545 617 1622 658 τοῦ

175 683 502 740 τραγῳδοποιοῦ
530 681 768 739 Λορύλλου,
811 677 865 726 οὗ
891 686 1107 739 μέμνηται
1135 685 1181 725 ἐν
1207 683 1439 736 Λημνίαις.
1498 689 1622 729 Deni-

176 769 256 809 que
295 756 400 796 adde
439 755 697 795 scholiastam
738 757 887 797 Ranar.
926 771 964 797 v.
992 758 1097 797 519:
1141 753 1349 809 Δορίαλος
1391 755 1440 797 τὸ
1476 770 1624 808 γυναι-

175 827 290 865 κιΐον
329 819 518 873 αἰδοῖον,
555 819 613 871 ὠς
643 822 761 879 παρὰ
791 824 849 880 τῷ
888 821 1005 882 αὐτῷ
1045 824 1202 882 ποιητῇ
1231 825 1291 865 Ab
1327 827 1519 878 γυναῖκες
1548 826 1624 867 τὸν

175 892 384 948 δορὶαλον
421 889 704 946 ([ράγνυνται.
773 897 855 936 Sed
901 910 980 948 quo
1022 903 1139 949 pacto
1179 909 1319 936 versus
1358 899 1623 950 corrigendus

175 965 241 1014 sit,
271 958 368 1004 sa'ne
399 965 566 1004 dubium
598 969 672 1014 est,
703 965 919 1005 admodum
951 967 1057 1006 enim
1087 966 1240 1005 variant
1268 967 1329 1005 illi
1357 969 1621 1018 grammatici,

175 1031 421 1086 ὸορίαλλος,
454 1030 677 1085 δορίαλος,
708 1031 945 1087 δορύαλλος
975 1041 1017 1075 et
1047 1031 1255 1088 δορύαλος
1284 1037 1550 1077 exhibentes:
1579 1043 1622 1078 et

173 1106 267 1144 inae
282 1105 443 1155 quidem
474 1103 645 1152 formae,
675 1116 778 1155 quae
807 1107 1015 1157 geminant
1043 1102 1067 1142 λ
1097 1103 1391 1155 praeferendae
1421 1092 1622 1155 videntur,

173 1173 512 1226 quemadmodum
538 1173 685 1212 dicitur
713 1168 975 1224 ἀρύβαλλος,
1005 1169 1278 1225 κορύὸαλλος,
1311 1174 1457 1212 dicitur
1487 1179 1621 1215 tamen
1677 1224 1683 1231 „

174 1245 295 1283 etiam
334 1238 631 1293 κραπάταλος,
682 1243 761 1282 vid.
799 1243 989 1283 Meineke
1021 1244 1039 1282 l
1079 1257 1118 1295 p.
1149 1244 1218 1292 84,
1260 1243 1332 1282 sed
1370 1248 1504 1283 utrum
1546 1257 1621 1284 vox

173 1326 248 1366 per
291 1309 316 1350 ὗ
352 1325 400 1351 an
444 1324 517 1363 per
562 1310 590 1349 ῐ
629 1312 842 1351 scribenda
879 1313 933 1351 sit
970 1313 1091 1364 plane
1128 1325 1207 1352 non
1246 1313 1394 1364 liquet,
1439 1318 1478 1352 at
1529 1326 1621 1354 cum

171 1381 421 1435 grammatici
452 1387 695 1432 componant
726 1394 871 1420 nomen
902 1383 1111 1433 proprium
1143 1376 1364 1435 Δόριλλος,
1405 1396 1501 1422 sane
1543 1380 1621 1421 (50-

172 1447 344 1504 ρίαλλος
374 1463 565 1501 germana
594 1449 755 1489 videtur
785 1449 916 1489 forma
946 1450 1095 1490 fuisse:
1136 1465 1214 1491 non
1254 1457 1386 1490 tamen
1417 1452 1494 1490 hac
1522 1464 1620 1492 usus

172 1525 235 1560 est
267 1519 581 1570 Aristophanes,
623 1519 696 1557 sed
734 1519 773 1556 in
814 1519 900 1557 eius
938 1519 1072 1559 locum
1110 1522 1315 1560 substituit
1355 1521 1458 1560 illud
1487 1522 1620 1573 ipsum

172 1602 319 1630 nomen
351 1587 492 1639 tragici
522 1588 669 1638 poetae
699 1586 867 1635 florini,
902 1588 944 1627 id
973 1589 1082 1639 quod
1110 1592 1206 1629 satis
1246 1595 1414 1641 apparet
1442 1604 1490 1630 ex
1519 1592 1620 1642 Ety-

172 1658 376 1710 mologico
410 1658 491 1696 M.:
537 1654 704 1706 λέγεται
743 1654 817 1694 καὶ
852 1651 1070 1708 δόριλλος·
1100 1653 1424 1711 Ἀριστοφάνης
1458 1685 1514 1692 —
1543 1656 1617 1712 ἐφ’

170 1720 293 1779 ὕβρει
323 1721 649 1779 τραγῳδοποιοῦ
677 1721 898 1777 Λορίλλου.
955 1727 1098 1778 ltaque
1127 1742 1207 1769 non
1238 1728 1416 1768 dubitavi
1445 1727 1521 1767 τὸν
1535 1724 1620 1768 Δό-

171 1794 318 1850 ριλλον
349 1796 581 1847 corrigere,
623 1795 732 1847 quod
761 1789 896 1834 firmat
925 1795 1093 1837 Suidas:
1130 1794 1353 1851 Λόριλλος·
1392 1794 1442 1837 τὸ
1469 1809 1621 1849 γυναι-

169 1866 282 1905 κεῖον
322 1859 513 1903 αἰδοῖον·
554 1860 631 1918 ἐφ’
660 1857 782 1917 ὕβρει
821 1863 1148 1920 τραγῳδοποιοῦ
1176 1865 1398 1921 Δορίλλου.
1461 1868 1619 1910 Deinde

169 1948 244 1988 pro
276 1930 546 1987 φράγνυνται
583 1935 669 1975 sive
706 1930 952 1989 φράγνυται
988 1939 1133 1991 scripsi
1176 1932 1503 1991 φραγνὺωνται,
1544 1938 1618 1978 sed
1684 1970 1688 1974 .

170 2005 414 2045 dubitanter.

845 2125 958 2167 XIV.

279 2207 571 2260 Harpocratio:
601 2203 949 2260 Ἀρκτεῦσαι·
982 2234 1035 2240 —
1061 2200 1129 2248 ὅτι
1160 2206 1204 2247 δὲ
1234 2208 1282 2247 αἱ
1311 2205 1618 2263 ἀρκτευόμενοιι

167 2276 386 2330 παρθένοι
413 2271 874 2330 ἄρκτοίκαλοῦνται,
891 2274 1128 2332 Εὐριπίδης
1156 2276 1203 2317 ἐν
1227 2273 1470 2335 ’Υψιπὺλζιμ
1494 2274 1616 2334 Ἀρι-ι
1671 2330 1674 2333 y

167 2341 391 2399 στοφάνης
417 2344 639 2399 Λημνίαις
667 2346 741 2387 καὶ
768 2341 1049 2402 Λυσιστράτῃ
1079 2348 1135 2398 (v.
1167 2347 1287 2399 645).

832 2468 920 2509 XV.

276 2554 569 2607 Harpocratio:
616 2554 879 2596 Μέτοιυλο
894 2569 934 2604 ς·
973 2583 1027 2589 —
1065 2551 1184 2595 ἔστιν
1223 2550 1250 2615 ᾖ
1287 2550 1458 2610 ῥυπαρὰ
1495 2551 1618 2606 λεγο-

164 2619 272 2674 μένη
302 2617 438 2674 αὐλή,
470 2616 522 2664 οὗ
551 2621 729 2679 ὄρνιθες
758 2615 885 2676 ἦσαν.
941 2620 1270 2680 Ἀριστοφάνης
1296 2619 1517 2676 Λημνίαις
1541 2622 1617 2663 καὶ

167 2689 425 2746 Μένανδρος
458 2691 606 2736 Θαΐδι.
