<?xml version="1.0" encoding="UTF-8"?>
<!DOCTYPE html PUBLIC "-//W3C//DTD XHTML 1.0 Transitional//EN"
    "http://www.w3.org/TR/xhtml1/DTD/xhtml1-transitional.dtd">
<html xmlns="http://www.w3.org/1999/xhtml" xml:lang="en" lang="en">
 <head>
  <title>
</title>
<meta http-equiv="Content-Type" content="text/html;charset=utf-8" />
  <meta name='ocr-system' content='tesseract 3.04.00' />
  <meta name='ocr-capabilities' content='ocr_page ocr_carea ocr_par ocr_line ocrx_word'/>
</head>
<body>
  <div class='ocr_page' id='page_1' title='image "./fragmentacomicor02meinuoft_0517.png"; bbox 0 0 1716 3164; ppageno 0'>
   <div class='ocr_carea' id='block_1_1' title="bbox 11 0 57 1090">
    <p class='ocr_par' dir='ltr' id='par_1_1' title="bbox 11 0 57 1090">
     <span class='ocr_line' id='line_1_1' title="bbox 11 0 57 1090; baseline 0 0"><span class='ocrx_word' id='word_1_1' title='bbox 11 0 57 1090; x_wconf 95' lang='lat' dir='ltr'><strong> </strong></span> 
     </span>
    </p>
   </div>
   <div class='ocr_carea' id='block_1_2' title="bbox 658 168 1547 215">
    <p class='ocr_par' dir='ltr' id='par_1_2' title="bbox 658 168 1547 215">
     <span class='ocr_line' id='line_1_2' title="bbox 658 168 1547 215; baseline 0.001 -1"><span class='ocrx_word' id='word_1_2' title='bbox 658 168 962 214; x_wconf 82' lang='grc' dir='ltr'><em>ΟΛΚΑΔΕΣ.</em></span> <span class='ocrx_word' id='word_1_3' title='bbox 1433 173 1547 215; x_wconf 85' lang='grc'><strong>1115</strong></span> 
     </span>
    </p>
   </div>
   <div class='ocr_carea' id='block_1_3' title="bbox 16 284 1547 2813">
    <p class='ocr_par' dir='ltr' id='par_1_3' title="bbox 16 284 1547 2813">
     <span class='ocr_line' id='line_1_3' title="bbox 74 284 1546 341; baseline -0.001 -11"><span class='ocrx_word' id='word_1_4' title='bbox 74 302 154 330; x_wconf 88' lang='lat' dir='ltr'><strong>uon</strong></span> <span class='ocrx_word' id='word_1_5' title='bbox 184 289 399 336; x_wconf 77' lang='lat' dir='ltr'>vexantes,</span> <span class='ocrx_word' id='word_1_6' title='bbox 439 289 481 326; x_wconf 90' lang='lat' dir='ltr'><strong>et</strong></span> <span class='ocrx_word' id='word_1_7' title='bbox 512 286 712 326; x_wconf 85' lang='lat' dir='ltr'><strong>societate</strong></span> <span class='ocrx_word' id='word_1_8' title='bbox 741 299 834 327; x_wconf 90' lang='lat' dir='ltr'><strong>cum</strong></span> <span class='ocrx_word' id='word_1_9' title='bbox 867 286 1026 327; x_wconf 86' lang='lat' dir='ltr'><strong>Cleone</strong></span> <span class='ocrx_word' id='word_1_10' title='bbox 1053 284 1294 326; x_wconf 78' lang='lat' dir='ltr'><strong>coniunctos</strong></span> <span class='ocrx_word' id='word_1_11' title='bbox 1326 299 1546 341; x_wconf 72' lang='lat' dir='ltr'><strong>aggressus</strong></span> 
     </span>
     <span class='ocr_line' id='line_1_4' title="bbox 42 356 1546 409; baseline 0.001 -11"><span class='ocrx_word' id='word_1_12' title='bbox 42 370 44 387; x_wconf 62' lang='lat'><em>&lt;</em></span> <span class='ocrx_word' id='word_1_13' title='bbox 71 358 212 402; x_wconf 76' lang='lat' dir='ltr'><strong>fuerit.</strong></span> <span class='ocrx_word' id='word_1_14' title='bbox 271 358 388 397; x_wconf 88' lang='lat' dir='ltr'><strong>Haec</strong></span> <span class='ocrx_word' id='word_1_15' title='bbox 419 357 552 406; x_wconf 88' lang='lat' dir='ltr'><strong>enim,</strong></span> <span class='ocrx_word' id='word_1_16' title='bbox 582 357 771 408; x_wconf 86' lang='lat' dir='ltr'><strong>inquam,</strong></span> <span class='ocrx_word' id='word_1_17' title='bbox 802 357 1038 409; x_wconf 86' lang='lat' dir='ltr'><strong>accipienda</strong></span> <span class='ocrx_word' id='word_1_18' title='bbox 1069 360 1164 397; x_wconf 89' lang='lat' dir='ltr'><strong>sunt</strong></span> <span class='ocrx_word' id='word_1_19' title='bbox 1194 356 1247 396; x_wconf 89' lang='lat' dir='ltr'><strong>de</strong></span> <span class='ocrx_word' id='word_1_20' title='bbox 1278 357 1546 399; x_wconf 86' lang='lat' dir='ltr'><strong>calumniato-</strong></span> 
     </span>
     <span class='ocr_line' id='line_1_5' title="bbox 69 413 1546 479; baseline 0.001 -11"><span class='ocrx_word' id='word_1_21' title='bbox 69 429 183 468; x_wconf 88' lang='lat' dir='ltr'><strong>ribus</strong></span> <span class='ocrx_word' id='word_1_22' title='bbox 213 428 301 468; x_wconf 85' lang='lat' dir='ltr'><strong>istis</strong></span> <span class='ocrx_word' id='word_1_23' title='bbox 334 433 375 467; x_wconf 89' lang='lat' dir='ltr'><strong>et</strong></span> <span class='ocrx_word' id='word_1_24' title='bbox 406 428 681 476; x_wconf 83' lang='lat' dir='ltr'><strong>delatoribus,</strong></span> <span class='ocrx_word' id='word_1_25' title='bbox 720 427 866 478; x_wconf 87' lang='lat' dir='ltr'><strong>quihus</strong></span> <span class='ocrx_word' id='word_1_26' title='bbox 909 427 1012 465; x_wconf 87' lang='lat' dir='ltr'>nihil</span> <span class='ocrx_word' id='word_1_27' title='bbox 1055 438 1233 477; x_wconf 88' lang='lat' dir='ltr'><strong>unquam</strong></span> <span class='ocrx_word' id='word_1_28' title='bbox 1273 413 1546 479; x_wconf 75' lang='lat' dir='ltr'><strong>perniciosius</strong></span> 
     </span>
     <span class='ocr_line' id='line_1_6' title="bbox 70 496 1547 552; baseline -0.001 -12"><span class='ocrx_word' id='word_1_29' title='bbox 70 498 224 540; x_wconf 65' lang='lat' dir='ltr'><strong>civitati</strong></span> <span class='ocrx_word' id='word_1_30' title='bbox 263 499 424 540; x_wconf 86' lang='lat' dir='ltr'><strong>Atticae</strong></span> <span class='ocrx_word' id='word_1_31' title='bbox 455 503 525 538; x_wconf 87' lang='lat' dir='ltr'><strong>aut</strong></span> <span class='ocrx_word' id='word_1_32' title='bbox 555 497 839 538; x_wconf 85' lang='lat' dir='ltr'><strong>detestabilius</strong></span> <span class='ocrx_word' id='word_1_33' title='bbox 869 496 966 538; x_wconf 82' lang='lat' dir='ltr'><strong>fuit:</strong></span> <span class='ocrx_word' id='word_1_34' title='bbox 1013 497 1055 536; x_wconf 90' lang='lat' dir='ltr'><strong>id</strong></span> <span class='ocrx_word' id='word_1_35' title='bbox 1086 497 1197 548; x_wconf 92' lang='lat' dir='ltr'><strong>quod</strong></span> <span class='ocrx_word' id='word_1_36' title='bbox 1230 498 1352 538; x_wconf 82' lang='lat' dir='ltr'><strong>etiam</strong></span> <span class='ocrx_word' id='word_1_37' title='bbox 1383 499 1418 538; x_wconf 87' lang='lat' dir='ltr'><strong>is</strong></span> <span class='ocrx_word' id='word_1_38' title='bbox 1449 513 1547 552; x_wconf 87' lang='lat' dir='ltr'><strong>per-</strong></span> 
     </span>
     <span class='ocr_line' id='line_1_7' title="bbox 69 566 1546 622; baseline 0 -13"><span class='ocrx_word' id='word_1_39' title='bbox 69 570 215 622; x_wconf 86' lang='lat' dir='ltr'><strong>spexit,</strong></span> <span class='ocrx_word' id='word_1_40' title='bbox 247 570 316 621; x_wconf 86' lang='lat' dir='ltr'><strong>qui</strong></span> <span class='ocrx_word' id='word_1_41' title='bbox 347 569 509 622; x_wconf 84' lang='lat' dir='ltr'><strong>scripsit</strong></span> <span class='ocrx_word' id='word_1_42' title='bbox 538 569 662 608; x_wconf 80' lang='lat' dir='ltr'><strong>vitam</strong></span> <span class='ocrx_word' id='word_1_43' title='bbox 692 567 979 619; x_wconf 83' lang='lat' dir='ltr'><strong>Aristophanis</strong></span> <span class='ocrx_word' id='word_1_44' title='bbox 1011 580 1050 619; x_wconf 89' lang='lat' dir='ltr'><strong>p.</strong></span> <span class='ocrx_word' id='word_1_45' title='bbox 1082 567 1182 607; x_wconf 84' lang='lat' dir='ltr'><strong>XIX</strong></span> <span class='ocrx_word' id='word_1_46' title='bbox 1212 568 1297 607; x_wconf 79' lang='lat'><strong>22:</strong></span> <span class='ocrx_word' id='word_1_47' title='bbox 1343 566 1466 608; x_wconf 78' lang='grc' dir='ltr'><em>Φασὶ</em></span> <span class='ocrx_word' id='word_1_48' title='bbox 1499 566 1546 609; x_wconf 80' lang='grc' dir='ltr'><strong>δὲ</strong></span> 
     </span>
     <span class='ocr_line' id='line_1_8' title="bbox 69 631 1546 692; baseline -0.004 -14"><span class='ocrx_word' id='word_1_49' title='bbox 69 634 210 678; x_wconf 85' lang='grc' dir='ltr'><em>αὐτὸν</em></span> <span class='ocrx_word' id='word_1_50' title='bbox 239 634 526 692; x_wconf 70' lang='grc' dir='ltr'><em>εὐδοκιμῆσαι</em></span> <span class='ocrx_word' id='word_1_51' title='bbox 564 631 846 690; x_wconf 78' lang='grc' dir='ltr'><em>συκοφάντας</em></span> <span class='ocrx_word' id='word_1_52' title='bbox 882 631 1220 686; x_wconf 88' lang='grc' dir='ltr'><em>καταλύσαντα,</em></span> <span class='ocrx_word' id='word_1_53' title='bbox 1259 631 1334 685; x_wconf 71' lang='grc' dir='ltr'><em>οὒς</em></span> <span class='ocrx_word' id='word_1_54' title='bbox 1363 633 1546 692; x_wconf 86' lang='grc' dir='ltr'><em>ω’νόμα-</em></span> 
     </span>
     <span class='ocr_line' id='line_1_9' title="bbox 70 698 1547 766; baseline 0.001 -17"><span class='ocrx_word' id='word_1_55' title='bbox 70 722 146 749; x_wconf 83' lang='grc' dir='ltr'><strong>σεν</strong></span> <span class='ocrx_word' id='word_1_56' title='bbox 176 705 389 758; x_wconf 80' lang='grc' dir='ltr'><em>ἠπιάλοις</em></span> <span class='ocrx_word' id='word_1_57' title='bbox 418 706 465 747; x_wconf 84' lang='grc' dir='ltr'><strong>έν</strong></span> <span class='ocrx_word' id='word_1_58' title='bbox 493 703 699 760; x_wconf 76' lang='grc' dir='ltr'><em>Σᾳηξίν,</em></span> <span class='ocrx_word' id='word_1_59' title='bbox 737 705 783 746; x_wconf 83' lang='grc' dir='ltr'><strong>έν</strong></span> <span class='ocrx_word' id='word_1_60' title='bbox 825 698 891 754; x_wconf 82' lang='grc' dir='ltr'><em>οἷς</em></span> <span class='ocrx_word' id='word_1_61' title='bbox 929 719 1090 762; x_wconf 77' lang='grc' dir='ltr'><em>φησιν·</em></span> <span class='ocrx_word' id='word_1_62' title='bbox 1132 720 1174 746; x_wconf 92' lang='grc' dir='ltr'><strong>οι</strong></span> <span class='ocrx_word' id='word_1_63' title='bbox 1212 704 1314 755; x_wconf 79' lang='grc' dir='ltr'><em>τοὺς</em></span> <span class='ocrx_word' id='word_1_64' title='bbox 1352 709 1547 766; x_wconf 80' lang='grc' dir='ltr'><strong><em>πατέρας</em></strong></span> 
     </span>
     <span class='ocr_line' id='line_1_10' title="bbox 68 769 1545 833; baseline -0.001 -13"><span class='ocrx_word' id='word_1_65' title='bbox 68 777 215 820; x_wconf 86' lang='grc' dir='ltr'><em>αὐτῶν</em></span> <span class='ocrx_word' id='word_1_66' title='bbox 252 769 384 833; x_wconf 55' lang='grc' dir='ltr'><em>ἦγχον</em></span> <span class='ocrx_word' id='word_1_67' title='bbox 423 775 589 833; x_wconf 81' lang='grc' dir='ltr'><em>νύκτωρ</em></span> <span class='ocrx_word' id='word_1_68' title='bbox 628 777 703 817; x_wconf 85' lang='grc' dir='ltr'><em>καὶ</em></span> <span class='ocrx_word' id='word_1_69' title='bbox 746 775 848 825; x_wconf 83' lang='grc' dir='ltr'><em>τοὺς</em></span> <span class='ocrx_word' id='word_1_70' title='bbox 887 773 1094 825; x_wconf 77' lang='grc' dir='ltr'><em>πάππους</em></span> <span class='ocrx_word' id='word_1_71' title='bbox 1134 773 1389 830; x_wconf 76' lang='grc' dir='ltr'><em>ἀπέπνιγον.</em></span> <span class='ocrx_word' id='word_1_72' title='bbox 1458 783 1545 824; x_wconf 75' lang='lat' dir='ltr'><strong>Iam</strong></span> 
     </span>
     <span class='ocr_line' id='line_1_11' title="bbox 67 843 1546 906; baseline 0.001 -14"><span class='ocrx_word' id='word_1_73' title='bbox 67 865 167 893; x_wconf 83' lang='lat' dir='ltr'><strong>vero</strong></span> <span class='ocrx_word' id='word_1_74' title='bbox 204 865 285 893; x_wconf 90' lang='lat' dir='ltr'><strong>uon</strong></span> <span class='ocrx_word' id='word_1_75' title='bbox 325 864 428 904; x_wconf 89' lang='lat' dir='ltr'><strong>opus</strong></span> <span class='ocrx_word' id='word_1_76' title='bbox 466 855 556 900; x_wconf 89' lang='lat' dir='ltr'><strong>est,</strong></span> <span class='ocrx_word' id='word_1_77' title='bbox 600 854 645 889; x_wconf 91' lang='lat' dir='ltr'><strong>ut</strong></span> <span class='ocrx_word' id='word_1_78' title='bbox 683 850 808 889; x_wconf 88' lang='lat' dir='ltr'><strong>verba</strong></span> <span class='ocrx_word' id='word_1_79' title='bbox 844 844 946 902; x_wconf 82' lang='grc' dir='ltr'><em>μετ’</em></span> <span class='ocrx_word' id='word_1_80' title='bbox 984 843 1124 888; x_wconf 81' lang='grc' dir='ltr'><em>αὐτοῦ</em></span> <span class='ocrx_word' id='word_1_81' title='bbox 1161 855 1398 900; x_wconf 91' lang='lat' dir='ltr'><strong>mutentur,</strong></span> <span class='ocrx_word' id='word_1_82' title='bbox 1437 866 1546 906; x_wconf 83' lang='lat' dir='ltr'><strong>quae</strong></span> 
     </span>
     <span class='ocr_line' id='line_1_12' title="bbox 67 920 1545 973; baseline 0 -9"><span class='ocrx_word' id='word_1_83' title='bbox 67 927 163 964; x_wconf 79' lang='lat' dir='ltr'><strong>sunt</strong></span> <span class='ocrx_word' id='word_1_84' title='bbox 198 924 428 964; x_wconf 82' lang='lat' dir='ltr'><strong>rectissime</strong></span> <span class='ocrx_word' id='word_1_85' title='bbox 466 922 596 961; x_wconf 86' lang='lat' dir='ltr'><strong>dicta:</strong></span> <span class='ocrx_word' id='word_1_86' title='bbox 634 933 686 960; x_wconf 86' lang='lat' dir='ltr'><strong>ex</strong></span> <span class='ocrx_word' id='word_1_87' title='bbox 723 920 881 973; x_wconf 83' lang='lat' dir='ltr'><strong>vulgari</strong></span> <span class='ocrx_word' id='word_1_88' title='bbox 911 933 1029 960; x_wconf 87' lang='lat' dir='ltr'><strong>more</strong></span> <span class='ocrx_word' id='word_1_89' title='bbox 1059 920 1278 961; x_wconf 87' lang='lat' dir='ltr'><strong>dicendum</strong></span> <span class='ocrx_word' id='word_1_90' title='bbox 1311 922 1412 963; x_wconf 85' lang='lat' dir='ltr'><strong>fnit:</strong></span> <span class='ocrx_word' id='word_1_91' title='bbox 1451 923 1545 973; x_wconf 81' lang='grc' dir='ltr'><em>τοῖς</em></span> 
     </span>
     <span class='ocr_line' id='line_1_13' title="bbox 64 986 1544 1047; baseline 0.001 -15"><span class='ocrx_word' id='word_1_92' title='bbox 64 987 162 1047; x_wconf 77' lang='grc' dir='ltr'><em>μετ’</em></span> <span class='ocrx_word' id='word_1_93' title='bbox 195 989 334 1032; x_wconf 85' lang='grc' dir='ltr'><em>αὐτοῦ</em></span> <span class='ocrx_word' id='word_1_94' title='bbox 361 986 590 1042; x_wconf 76' lang='grc' dir='ltr'><em>ἠπιάλοις,</em></span> <span class='ocrx_word' id='word_1_95' title='bbox 630 990 705 1031; x_wconf 87' lang='lat' dir='ltr'><strong>sed</strong></span> <span class='ocrx_word' id='word_1_96' title='bbox 745 996 900 1044; x_wconf 86' lang='lat' dir='ltr'><strong>poetae</strong></span> <span class='ocrx_word' id='word_1_97' title='bbox 938 1002 1232 1042; x_wconf 82' lang='lat' dir='ltr'><strong>nonnunquam</strong></span> <span class='ocrx_word' id='word_1_98' title='bbox 1272 991 1388 1033; x_wconf 89' lang='lat' dir='ltr'><strong>illum</strong></span> <span class='ocrx_word' id='word_1_99' title='bbox 1431 995 1544 1035; x_wconf 84' lang='lat' dir='ltr'><strong>ordi-</strong></span> 
     </span>
     <span class='ocr_line' id='line_1_14' title="bbox 16 1055 1544 1119; baseline 0 -15"><span class='ocrx_word' id='word_1_100' title='bbox 16 1056 20 1104; x_wconf 60' lang='grc' dir='ltr'>ζ</span> <span class='ocrx_word' id='word_1_101' title='bbox 65 1077 160 1106; x_wconf 87' lang='lat' dir='ltr'><strong>nem</strong></span> <span class='ocrx_word' id='word_1_102' title='bbox 189 1064 418 1106; x_wconf 83' lang='lat' dir='ltr'><strong>invertunt:</strong></span> <span class='ocrx_word' id='word_1_103' title='bbox 451 1064 508 1103; x_wconf 89' lang='lat' dir='ltr'><strong>ita</strong></span> <span class='ocrx_word' id='word_1_104' title='bbox 537 1061 768 1114; x_wconf 87' lang='lat' dir='ltr'><strong>Sophocles</strong></span> <span class='ocrx_word' id='word_1_105' title='bbox 796 1062 839 1102; x_wconf 87' lang='lat' dir='ltr'><strong>in</strong></span> <span class='ocrx_word' id='word_1_106' title='bbox 870 1062 995 1102; x_wconf 84' lang='lat' dir='ltr'><strong>Aiace</strong></span> <span class='ocrx_word' id='word_1_107' title='bbox 1025 1075 1063 1102; x_wconf 82' lang='lat' dir='ltr'><strong>v,</strong></span> <span class='ocrx_word' id='word_1_108' title='bbox 1093 1062 1226 1101; x_wconf 80' lang='lat'>1166:</span> <span class='ocrx_word' id='word_1_109' title='bbox 1248 1055 1407 1101; x_wconf 76' lang='grc' dir='ltr'><em>’Ένθα</em></span> <span class='ocrx_word' id='word_1_110' title='bbox 1438 1063 1544 1119; x_wconf 82' lang='grc' dir='ltr'><em>βρο-</em></span> 
     </span>
     <span class='ocr_line' id='line_1_15' title="bbox 66 1127 1544 1188; baseline 0.002 -14"><span class='ocrx_word' id='word_1_111' title='bbox 66 1133 156 1182; x_wconf 80' lang='grc' dir='ltr'><em>τοῖς</em></span> <span class='ocrx_word' id='word_1_112' title='bbox 194 1131 272 1174; x_wconf 90' lang='grc' dir='ltr'><strong>τὸν</strong></span> <span class='ocrx_word' id='word_1_113' title='bbox 307 1130 574 1186; x_wconf 76' lang='grc' dir='ltr'><em>ἀείμνηστον</em></span> <span class='ocrx_word' id='word_1_114' title='bbox 608 1127 755 1186; x_wconf 73' lang='grc' dir='ltr'><em>τάφον</em></span> <span class='ocrx_word' id='word_1_115' title='bbox 791 1127 1007 1188; x_wconf 77' lang='grc' dir='ltr'><em>εὐρώεντα</em></span> <span class='ocrx_word' id='word_1_116' title='bbox 1052 1129 1249 1182; x_wconf 77' lang='grc' dir='ltr'><em>καθέξει.</em></span> <span class='ocrx_word' id='word_1_117' title='bbox 1316 1134 1544 1188; x_wconf 84' lang='lat' dir='ltr'><strong>Euripides</strong></span> 
     </span>
     <span class='ocr_line' id='line_1_16' title="bbox 66 1197 1545 1261; baseline 0.001 -14"><span class='ocrx_word' id='word_1_118' title='bbox 66 1206 355 1247; x_wconf 85' lang='lat' dir='ltr'><strong>Andromacha</strong></span> <span class='ocrx_word' id='word_1_119' title='bbox 384 1207 488 1247; x_wconf 78' lang='lat'><strong>216:</strong></span> <span class='ocrx_word' id='word_1_120' title='bbox 529 1198 587 1246; x_wconf 77' lang='lat' dir='ltr'><strong>El</strong></span> <span class='ocrx_word' id='word_1_121' title='bbox 615 1198 666 1244; x_wconf 78' lang='grc' dir='ltr'><strong>δ’</strong></span> <span class='ocrx_word' id='word_1_122' title='bbox 698 1198 817 1257; x_wconf 80' lang='grc' dir='ltr'><em>ἀμφὶ</em></span> <span class='ocrx_word' id='word_1_123' title='bbox 852 1197 1029 1260; x_wconf 80' lang='grc' dir='ltr'><em>Θρῄκην</em></span> <span class='ocrx_word' id='word_1_124' title='bbox 1060 1197 1179 1255; x_wconf 80' lang='grc' dir='ltr'><em>χιόνι</em></span> <span class='ocrx_word' id='word_1_125' title='bbox 1217 1198 1298 1252; x_wconf 83' lang='grc' dir='ltr'><strong>τὴν</strong></span> <span class='ocrx_word' id='word_1_126' title='bbox 1325 1203 1545 1261; x_wconf 79' lang='grc' dir='ltr'><em>κατάρρυ-</em></span> 
     </span>
     <span class='ocr_line' id='line_1_17' title="bbox 65 1270 1542 1331; baseline 0.002 -15"><span class='ocrx_word' id='word_1_127' title='bbox 65 1288 143 1316; x_wconf 84' lang='grc' dir='ltr'><strong>τον</strong></span> <span class='ocrx_word' id='word_1_128' title='bbox 178 1273 406 1331; x_wconf 83' lang='grc' dir='ltr'><em>Τύραννον</em></span> <span class='ocrx_word' id='word_1_129' title='bbox 435 1272 554 1329; x_wconf 83' lang='grc' dir='ltr'><em>ἔσχες</em></span> <span class='ocrx_word' id='word_1_130' title='bbox 583 1270 740 1329; x_wconf 82' lang='grc' dir='ltr'><em>ἄνδρα.</em></span> <span class='ocrx_word' id='word_1_131' title='bbox 798 1275 885 1316; x_wconf 91' lang='lat' dir='ltr'><strong>Iam</strong></span> <span class='ocrx_word' id='word_1_132' title='bbox 917 1288 1015 1315; x_wconf 88' lang='lat' dir='ltr'><strong>vero</strong></span> <span class='ocrx_word' id='word_1_133' title='bbox 1045 1274 1129 1331; x_wconf 32' lang='lat' dir='ltr'><strong>isti·</strong></span> <span class='ocrx_word' id='word_1_134' title='bbox 1152 1275 1435 1328; x_wconf 80' lang='lat' dir='ltr'><strong>sycophantae</strong></span> <span class='ocrx_word' id='word_1_135' title='bbox 1475 1291 1542 1319; x_wconf 84' lang='lat' dir='ltr'><strong>ar-</strong></span> 
     </span>
     <span class='ocr_line' id='line_1_18' title="bbox 65 1345 1543 1391; baseline 0.002 -3"><span class='ocrx_word' id='word_1_136' title='bbox 65 1348 244 1388; x_wconf 87' lang='lat' dir='ltr'><strong>ctissimo</strong></span> <span class='ocrx_word' id='word_1_137' title='bbox 284 1348 583 1388; x_wconf 89' lang='lat' dir='ltr'><strong>communionis</strong></span> <span class='ocrx_word' id='word_1_138' title='bbox 620 1346 783 1386; x_wconf 88' lang='lat' dir='ltr'><strong>vinculo</strong></span> <span class='ocrx_word' id='word_1_139' title='bbox 830 1358 925 1386; x_wconf 90' lang='lat' dir='ltr'><strong>cum</strong></span> <span class='ocrx_word' id='word_1_140' title='bbox 966 1345 1125 1385; x_wconf 90' lang='lat' dir='ltr'><strong>Cleone</strong></span> <span class='ocrx_word' id='word_1_141' title='bbox 1161 1346 1370 1387; x_wconf 87' lang='lat' dir='ltr'><strong>coniuncti</strong></span> <span class='ocrx_word' id='word_1_142' title='bbox 1401 1353 1543 1391; x_wconf 78' lang='lat' dir='ltr'><strong>erant:</strong></span> 
     </span>
     <span class='ocr_line' id='line_1_19' title="bbox 64 1416 1542 1470; baseline 0.001 -11"><span class='ocrx_word' id='word_1_143' title='bbox 64 1419 164 1459; x_wconf 85' lang='lat' dir='ltr'><strong>vidit</strong></span> <span class='ocrx_word' id='word_1_144' title='bbox 202 1420 310 1459; x_wconf 90' lang='lat' dir='ltr'><strong>enim</strong></span> <span class='ocrx_word' id='word_1_145' title='bbox 350 1420 490 1459; x_wconf 85' lang='lat' dir='ltr'><strong>Cleon·</strong></span> <span class='ocrx_word' id='word_1_146' title='bbox 521 1431 603 1459; x_wconf 88' lang='lat' dir='ltr'><strong>non</strong></span> <span class='ocrx_word' id='word_1_147' title='bbox 642 1430 766 1470; x_wconf 85' lang='lat' dir='ltr'><strong>posse</strong></span> <span class='ocrx_word' id='word_1_148' title='bbox 803 1429 848 1456; x_wconf 90' lang='lat' dir='ltr'><strong>se</strong></span> <span class='ocrx_word' id='word_1_149' title='bbox 893 1416 962 1456; x_wconf 93' lang='lat' dir='ltr'><strong>diu</strong></span> <span class='ocrx_word' id='word_1_150' title='bbox 1005 1420 1159 1456; x_wconf 86' lang='lat' dir='ltr'><strong>tantam</strong></span> <span class='ocrx_word' id='word_1_151' title='bbox 1190 1418 1420 1469; x_wconf 85' lang='lat' dir='ltr'><strong>potentiam</strong></span> <span class='ocrx_word' id='word_1_152' title='bbox 1451 1424 1542 1461; x_wconf 85' lang='lat' dir='ltr'><strong>tau-</strong></span> 
     </span>
     <span class='ocr_line' id='line_1_20' title="bbox 64 1487 1541 1543; baseline 0.001 -14"><span class='ocrx_word' id='word_1_153' title='bbox 64 1494 227 1543; x_wconf 85' lang='lat' dir='ltr'><strong>tamque</strong></span> <span class='ocrx_word' id='word_1_154' title='bbox 263 1490 436 1543; x_wconf 80' lang='lat' dir='ltr'><strong>gratiam</strong></span> <span class='ocrx_word' id='word_1_155' title='bbox 474 1489 583 1541; x_wconf 85' lang='lat' dir='ltr'><strong>apud</strong></span> <span class='ocrx_word' id='word_1_156' title='bbox 627 1488 826 1541; x_wconf 86' lang='lat' dir='ltr'><strong>populum</strong></span> <span class='ocrx_word' id='word_1_157' title='bbox 865 1487 1056 1527; x_wconf 87' lang='lat' dir='ltr'><strong>obtinere</strong></span> <span class='ocrx_word' id='word_1_158' title='bbox 1079 1516 1091 1537; x_wconf 92' lang='lat'><strong>‚</strong></span> <span class='ocrx_word' id='word_1_159' title='bbox 1138 1488 1218 1527; x_wconf 89' lang='lat' dir='ltr'><strong>nisi</strong></span> <span class='ocrx_word' id='word_1_160' title='bbox 1264 1488 1418 1530; x_wconf 90' lang='lat' dir='ltr'><strong>multos</strong></span> <span class='ocrx_word' id='word_1_161' title='bbox 1461 1491 1541 1531; x_wconf 79' lang='lat' dir='ltr'><strong>sibi</strong></span> 
     </span>
     <span class='ocr_line' id='line_1_21' title="bbox 64 1557 1540 1613; baseline 0.001 -12"><span class='ocrx_word' id='word_1_162' title='bbox 64 1562 217 1601; x_wconf 79' lang='lat' dir='ltr'><strong>amicos</strong></span> <span class='ocrx_word' id='word_1_163' title='bbox 254 1565 378 1613; x_wconf 81' lang='lat' dir='ltr'><strong>atque</strong></span> <span class='ocrx_word' id='word_1_164' title='bbox 419 1560 554 1600; x_wconf 85' lang='lat' dir='ltr'><strong>socios</strong></span> <span class='ocrx_word' id='word_1_165' title='bbox 593 1559 908 1599; x_wconf 77' lang='lat' dir='ltr'><strong>conciliavisset.</strong></span> <span class='ocrx_word' id='word_1_166' title='bbox 967 1557 1079 1597; x_wconf 90' lang='lat' dir='ltr'><strong>Hinc</strong></span> <span class='ocrx_word' id='word_1_167' title='bbox 1115 1558 1206 1611; x_wconf 90' lang='lat' dir='ltr'><strong>ipse</strong></span> <span class='ocrx_word' id='word_1_168' title='bbox 1235 1558 1540 1613; x_wconf 82' lang='lat' dir='ltr'><strong>Aristophanes</strong></span> 
     </span>
     <span class='ocr_line' id='line_1_22' title="bbox 65 1630 675 1684; baseline -0.003 -12"><span class='ocrx_word' id='word_1_169' title='bbox 65 1644 188 1684; x_wconf 83' lang='lat' dir='ltr'><strong>supra</strong></span> <span class='ocrx_word' id='word_1_170' title='bbox 217 1636 260 1671; x_wconf 91' lang='lat' dir='ltr'><strong>et</strong></span> <span class='ocrx_word' id='word_1_171' title='bbox 289 1631 330 1671; x_wconf 90' lang='lat' dir='ltr'><strong>in</strong></span> <span class='ocrx_word' id='word_1_172' title='bbox 361 1631 470 1671; x_wconf 86' lang='lat' dir='ltr'><strong>Pace</strong></span> <span class='ocrx_word' id='word_1_173' title='bbox 499 1643 537 1671; x_wconf 86' lang='lat' dir='ltr'><strong>v.</strong></span> <span class='ocrx_word' id='word_1_174' title='bbox 567 1630 675 1671; x_wconf 80' lang='lat'><strong>756:</strong></span> 
     </span>
     <span class='ocr_line' id='line_1_23' title="bbox 117 1691 1540 1757; baseline 0.001 -16"><span class='ocrx_word' id='word_1_175' title='bbox 117 1696 307 1741; x_wconf 65' lang='grc' dir='ltr'><strong>εΕκατὸν</strong></span> <span class='ocrx_word' id='word_1_176' title='bbox 349 1698 394 1740; x_wconf 83' lang='grc' dir='ltr'><strong>δὲ</strong></span> <span class='ocrx_word' id='word_1_177' title='bbox 430 1697 569 1757; x_wconf 68' lang='grc' dir='ltr'><em>κύκλῳ</em></span> <span class='ocrx_word' id='word_1_178' title='bbox 607 1697 798 1757; x_wconf 62' lang='grc' dir='ltr'><em>κεφαλαὶ</em></span> <span class='ocrx_word' id='word_1_179' title='bbox 835 1692 1032 1738; x_wconf 85' lang='grc' dir='ltr'><em>κολάκων</em></span> <span class='ocrx_word' id='word_1_180' title='bbox 1079 1691 1390 1754; x_wconf 80' lang='grc' dir='ltr'><em>οἰμωξομένων</em></span> <span class='ocrx_word' id='word_1_181' title='bbox 1427 1700 1540 1757; x_wconf 81' lang='grc' dir='ltr'><em>ἐλιχ-</em></span> 
     </span>
     <span class='ocr_line' id='line_1_24' title="bbox 847 1782 995 1826; baseline 0.007 -18"><span class='ocrx_word' id='word_1_182' title='bbox 847 1782 995 1826; x_wconf 84' lang='grc' dir='ltr'><em>μωντο</em></span> 
     </span>
     <span class='ocr_line' id='line_1_25' title="bbox 123 1836 568 1898; baseline 0 -16"><span class='ocrx_word' id='word_1_183' title='bbox 123 1840 220 1898; x_wconf 81' lang='grc' dir='ltr'><em>περὶ</em></span> <span class='ocrx_word' id='word_1_184' title='bbox 251 1837 332 1892; x_wconf 86' lang='grc' dir='ltr'><strong>τὴν</strong></span> <span class='ocrx_word' id='word_1_185' title='bbox 359 1836 568 1896; x_wconf 64' lang='grc' dir='ltr'><em>κεφαλήν.</em></span> 
     </span>
     <span class='ocr_line' id='line_1_26' title="bbox 64 1911 1539 1967; baseline 0.001 -13"><span class='ocrx_word' id='word_1_186' title='bbox 64 1913 177 1954; x_wconf 84' lang='lat' dir='ltr'><strong>Inter</strong></span> <span class='ocrx_word' id='word_1_187' title='bbox 218 1926 322 1967; x_wconf 89' lang='lat' dir='ltr'><strong>quos</strong></span> <span class='ocrx_word' id='word_1_188' title='bbox 364 1927 446 1954; x_wconf 89' lang='lat' dir='ltr'><strong>non</strong></span> <span class='ocrx_word' id='word_1_189' title='bbox 494 1913 686 1954; x_wconf 88' lang='lat' dir='ltr'><strong>ultimum</strong></span> <span class='ocrx_word' id='word_1_190' title='bbox 729 1912 867 1951; x_wconf 90' lang='lat' dir='ltr'><strong>locum</strong></span> <span class='ocrx_word' id='word_1_191' title='bbox 921 1911 1151 1952; x_wconf 86' lang='lat' dir='ltr'><strong>obtinuisse</strong></span> <span class='ocrx_word' id='word_1_192' title='bbox 1198 1912 1390 1954; x_wconf 86' lang='lat' dir='ltr'><strong>videntur</strong></span> <span class='ocrx_word' id='word_1_193' title='bbox 1438 1915 1539 1956; x_wconf 80' lang='lat' dir='ltr'><strong>artis</strong></span> 
     </span>
     <span class='ocr_line' id='line_1_27' title="bbox 51 1982 1151 2039; baseline -0.004 -13"><span class='ocrx_word' id='word_1_194' title='bbox 51 1985 190 2039; x_wconf 24' lang='lat' dir='ltr'><strong>‘ipsius</strong></span> <span class='ocrx_word' id='word_1_195' title='bbox 220 1985 335 2035; x_wconf 89' lang='lat' dir='ltr'><strong>socii,</strong></span> <span class='ocrx_word' id='word_1_196' title='bbox 366 1989 412 2025; x_wconf 85' lang='lat' dir='ltr'><strong>ut</strong></span> <span class='ocrx_word' id='word_1_197' title='bbox 440 1987 614 2038; x_wconf 80' lang='lat' dir='ltr'><strong>apparet</strong></span> <span class='ocrx_word' id='word_1_198' title='bbox 642 1995 692 2023; x_wconf 85' lang='lat' dir='ltr'><strong>ex</strong></span> <span class='ocrx_word' id='word_1_199' title='bbox 722 1983 943 2037; x_wconf 81' lang='lat' dir='ltr'><strong>Equitibus</strong></span> <span class='ocrx_word' id='word_1_200' title='bbox 974 1996 1012 2023; x_wconf 88' lang='lat' dir='ltr'><strong>v.</strong></span> <span class='ocrx_word' id='word_1_201' title='bbox 1041 1982 1151 2023; x_wconf 83' lang='lat'>853:</span> 
     </span>
     <span class='ocr_line' id='line_1_28' title="bbox 195 2044 1356 2111; baseline -0.002 -16"><span class='ocrx_word' id='word_1_202' title='bbox 195 2050 337 2111; x_wconf 76' lang='grc' dir='ltr'><em>Ὀρᾷς</em></span> <span class='ocrx_word' id='word_1_203' title='bbox 365 2052 448 2110; x_wconf 76' lang='grc' dir='ltr'><strong>γὰρ</strong></span> <span class='ocrx_word' id='word_1_204' title='bbox 477 2049 596 2110; x_wconf 78' lang='grc' dir='ltr'><em>αὐτῷ</em></span> <span class='ocrx_word' id='word_1_205' title='bbox 623 2052 780 2106; x_wconf 76' lang='grc' dir='ltr'><em>στῖᾳος</em></span> <span class='ocrx_word' id='word_1_206' title='bbox 808 2044 904 2092; x_wconf 85' lang='grc' dir='ltr'><em>οἷόν</em></span> <span class='ocrx_word' id='word_1_207' title='bbox 932 2050 1027 2091; x_wconf 82' lang='grc' dir='ltr'><em>ἐστι</em></span> <span class='ocrx_word' id='word_1_208' title='bbox 1056 2050 1356 2107; x_wconf 80' lang='grc' dir='ltr'><em>βυρσοπωλῶν</em></span> 
     </span>
     <span class='ocr_line' id='line_1_29' title="bbox 201 2120 1330 2178; baseline -0.003 -12"><span class='ocrx_word' id='word_1_209' title='bbox 201 2124 405 2166; x_wconf 80' lang='grc' dir='ltr'><em>νεανιῶν·</em></span> <span class='ocrx_word' id='word_1_210' title='bbox 433 2120 614 2172; x_wconf 83' lang='grc' dir='ltr'><em>τούτους</em></span> <span class='ocrx_word' id='word_1_211' title='bbox 643 2121 690 2163; x_wconf 74' lang='grc' dir='ltr'><strong>δὲ</strong></span> <span class='ocrx_word' id='word_1_212' title='bbox 718 2121 986 2178; x_wconf 71' lang='grc' dir='ltr'><em>περιοικοῦσι</em></span> <span class='ocrx_word' id='word_1_213' title='bbox 1016 2121 1330 2177; x_wconf 75' lang='grc' dir='ltr'><em>μελιτοπῶλαι,</em></span> 
     </span>
     <span class='ocr_line' id='line_1_30' title="bbox 202 2188 1423 2250; baseline -0.002 -13"><span class='ocrx_word' id='word_1_214' title='bbox 202 2196 278 2237; x_wconf 85' lang='grc' dir='ltr'><em>καὶ</em></span> <span class='ocrx_word' id='word_1_215' title='bbox 305 2195 575 2250; x_wconf 79' lang='grc' dir='ltr'><em>τυροπῶλαι·</em></span> <span class='ocrx_word' id='word_1_216' title='bbox 606 2192 737 2235; x_wconf 83' lang='grc' dir='ltr'><em>τοῦτο</em></span> <span class='ocrx_word' id='word_1_217' title='bbox 768 2190 820 2234; x_wconf 76' lang='lat'><strong>‹5’</strong></span> <span class='ocrx_word' id='word_1_218' title='bbox 852 2188 914 2243; x_wconf 81' lang='grc' dir='ltr'><em>εἰς</em></span> <span class='ocrx_word' id='word_1_219' title='bbox 944 2192 990 2234; x_wconf 80' lang='grc' dir='ltr'><strong>ἔν</strong></span> <span class='ocrx_word' id='word_1_220' title='bbox 1019 2193 1112 2235; x_wconf 81' lang='grc' dir='ltr'><em>ἐστι</em></span> <span class='ocrx_word' id='word_1_221' title='bbox 1141 2190 1423 2248; x_wconf 75' lang='grc' dir='ltr'><em>συγκεκυφός.</em></span> 
     </span>
     <span class='ocr_line' id='line_1_31' title="bbox 31 2266 1539 2325; baseline 0.001 -18"><span class='ocrx_word' id='word_1_222' title='bbox 31 2320 38 2325; x_wconf 19' lang='grc' dir='ltr'>ἱ</span> <span class='ocrx_word' id='word_1_223' title='bbox 65 2267 151 2307; x_wconf 74' lang='lat' dir='ltr'><strong>lam</strong></span> <span class='ocrx_word' id='word_1_224' title='bbox 179 2279 272 2307; x_wconf 87' lang='lat' dir='ltr'><strong>cum</strong></span> <span class='ocrx_word' id='word_1_225' title='bbox 302 2268 432 2307; x_wconf 86' lang='lat' dir='ltr'><strong>Cleon</strong></span> <span class='ocrx_word' id='word_1_226' title='bbox 473 2266 746 2306; x_wconf 82' lang='lat' dir='ltr'><strong>intellexisset</strong></span> <span class='ocrx_word' id='word_1_227' title='bbox 782 2267 981 2318; x_wconf 81' lang='lat' dir='ltr'><strong>populum</strong></span> <span class='ocrx_word' id='word_1_228' title='bbox 1012 2266 1312 2307; x_wconf 85' lang='lat' dir='ltr'><strong>Atheniensem</strong></span> <span class='ocrx_word' id='word_1_229' title='bbox 1342 2266 1539 2308; x_wconf 86' lang='lat' dir='ltr'><strong>mobilem</strong></span> 
     </span>
     <span class='ocr_line' id='line_1_32' title="bbox 65 2336 1539 2390; baseline 0.001 -14"><span class='ocrx_word' id='word_1_230' title='bbox 65 2348 158 2376; x_wconf 89' lang='lat' dir='ltr'><strong>esse</strong></span> <span class='ocrx_word' id='word_1_231' title='bbox 186 2348 409 2388; x_wconf 88' lang='lat' dir='ltr'><strong>rerumque</strong></span> <span class='ocrx_word' id='word_1_232' title='bbox 438 2348 635 2376; x_wconf 82' lang='lat' dir='ltr'><strong>novarum</strong></span> <span class='ocrx_word' id='word_1_233' title='bbox 665 2337 1024 2384; x_wconf 88' lang='lat' dir='ltr'><strong>studiosissimum,</strong></span> <span class='ocrx_word' id='word_1_234' title='bbox 1053 2336 1162 2376; x_wconf 88' lang='lat' dir='ltr'><strong>viros</strong></span> <span class='ocrx_word' id='word_1_235' title='bbox 1193 2340 1384 2388; x_wconf 88' lang='lat' dir='ltr'><strong>potentes</strong></span> <span class='ocrx_word' id='word_1_236' title='bbox 1414 2342 1539 2390; x_wconf 84' lang='lat' dir='ltr'><strong>atque</strong></span> 
     </span>
     <span class='ocr_line' id='line_1_33' title="bbox 65 2406 1538 2459; baseline -0.001 -10"><span class='ocrx_word' id='word_1_237' title='bbox 65 2409 226 2457; x_wconf 76' lang='lat' dir='ltr'><strong>nobiles</strong></span> <span class='ocrx_word' id='word_1_238' title='bbox 254 2409 368 2449; x_wconf 85' lang='lat' dir='ltr'><strong>falsis</strong></span> <span class='ocrx_word' id='word_1_239' title='bbox 398 2407 637 2447; x_wconf 87' lang='lat' dir='ltr'><strong>criminibus</strong></span> <span class='ocrx_word' id='word_1_240' title='bbox 667 2407 776 2459; x_wconf 83' lang='lat' dir='ltr'><strong>apud</strong></span> <span class='ocrx_word' id='word_1_241' title='bbox 806 2406 1005 2459; x_wconf 87' lang='lat' dir='ltr'><strong>populum</strong></span> <span class='ocrx_word' id='word_1_242' title='bbox 1035 2407 1319 2456; x_wconf 83' lang='lat' dir='ltr'><strong>insimulabat,</strong></span> <span class='ocrx_word' id='word_1_243' title='bbox 1348 2408 1538 2448; x_wconf 75' lang='lat' dir='ltr'><strong>omino-</strong></span> 
     </span>
     <span class='ocr_line' id='line_1_34' title="bbox 65 2477 1539 2532; baseline 0 -13"><span class='ocrx_word' id='word_1_244' title='bbox 65 2492 146 2532; x_wconf 91' lang='lat' dir='ltr'><strong>que</strong></span> <span class='ocrx_word' id='word_1_245' title='bbox 175 2480 343 2520; x_wconf 88' lang='lat' dir='ltr'><strong>divitem</strong></span> <span class='ocrx_word' id='word_1_246' title='bbox 373 2489 577 2530; x_wconf 88' lang='lat' dir='ltr'><strong>quemque</strong></span> <span class='ocrx_word' id='word_1_247' title='bbox 606 2481 730 2529; x_wconf 84' lang='lat' dir='ltr'><strong>atque</strong></span> <span class='ocrx_word' id='word_1_248' title='bbox 761 2477 911 2529; x_wconf 88' lang='lat' dir='ltr'><strong>quietis</strong></span> <span class='ocrx_word' id='word_1_249' title='bbox 941 2477 1095 2528; x_wconf 89' lang='lat' dir='ltr'><strong>otiique</strong></span> <span class='ocrx_word' id='word_1_250' title='bbox 1126 2477 1321 2529; x_wconf 86' lang='lat' dir='ltr'><strong>cupidum</strong></span> <span class='ocrx_word' id='word_1_251' title='bbox 1351 2478 1417 2518; x_wconf 85' lang='lat' dir='ltr'><strong>vel</strong></span> <span class='ocrx_word' id='word_1_252' title='bbox 1446 2479 1539 2531; x_wconf 85' lang='lat' dir='ltr'><strong>ipse</strong></span> 
     </span>
     <span class='ocr_line' id='line_1_35' title="bbox 63 2547 1538 2603; baseline -0.001 -13"><span class='ocrx_word' id='word_1_253' title='bbox 63 2551 131 2591; x_wconf 84' lang='lat' dir='ltr'><strong>vel</strong></span> <span class='ocrx_word' id='word_1_254' title='bbox 169 2563 245 2603; x_wconf 86' lang='lat' dir='ltr'><strong>per</strong></span> <span class='ocrx_word' id='word_1_255' title='bbox 283 2550 418 2590; x_wconf 78' lang='lat' dir='ltr'><strong>socios</strong></span> <span class='ocrx_word' id='word_1_256' title='bbox 457 2548 770 2588; x_wconf 86' lang='lat' dir='ltr'><strong>calumniatores</strong></span> <span class='ocrx_word' id='word_1_257' title='bbox 807 2547 985 2596; x_wconf 82' lang='lat' dir='ltr'><strong>vexavit,</strong></span> <span class='ocrx_word' id='word_1_258' title='bbox 1034 2548 1145 2600; x_wconf 91' lang='lat' dir='ltr'><strong>quod</strong></span> <span class='ocrx_word' id='word_1_259' title='bbox 1195 2548 1345 2589; x_wconf 88' lang='lat' dir='ltr'><strong>acerbe</strong></span> <span class='ocrx_word' id='word_1_260' title='bbox 1382 2549 1538 2590; x_wconf 81' lang='lat' dir='ltr'><strong>notavit</strong></span> 
     </span>
     <span class='ocr_line' id='line_1_36' title="bbox 67 2618 1248 2672; baseline -0.003 -11"><span class='ocrx_word' id='word_1_261' title='bbox 67 2632 148 2661; x_wconf 80' lang='lat' dir='ltr'><strong>nou</strong></span> <span class='ocrx_word' id='word_1_262' title='bbox 175 2621 305 2661; x_wconf 88' lang='lat' dir='ltr'><strong>semel</strong></span> <span class='ocrx_word' id='word_1_263' title='bbox 335 2619 646 2672; x_wconf 83' lang='lat' dir='ltr'><strong>Aristophanes,</strong></span> <span class='ocrx_word' id='word_1_264' title='bbox 677 2624 722 2658; x_wconf 89' lang='lat' dir='ltr'><strong>ut</strong></span> <span class='ocrx_word' id='word_1_265' title='bbox 750 2618 793 2658; x_wconf 86' lang='lat' dir='ltr'><strong>in</strong></span> <span class='ocrx_word' id='word_1_266' title='bbox 823 2618 1043 2670; x_wconf 87' lang='lat' dir='ltr'><strong>Equitibus</strong></span> <span class='ocrx_word' id='word_1_267' title='bbox 1073 2631 1111 2658; x_wconf 87' lang='lat' dir='ltr'><strong>v.</strong></span> <span class='ocrx_word' id='word_1_268' title='bbox 1141 2618 1248 2658; x_wconf 70' lang='lat'><strong>2592</strong></span> 
     </span>
     <span class='ocr_line' id='line_1_37' title="bbox 178 2682 1340 2738; baseline -0.002 -9"><span class='ocrx_word' id='word_1_269' title='bbox 178 2685 509 2738; x_wconf 79' lang='grc' dir='ltr'><em>Κᾶποσυκάζεις</em></span> <span class='ocrx_word' id='word_1_270' title='bbox 538 2686 692 2738; x_wconf 79' lang='grc' dir='ltr'><em>πιέζων</em></span> <span class='ocrx_word' id='word_1_271' title='bbox 721 2684 824 2735; x_wconf 83' lang='grc' dir='ltr'><em>τοὺς</em></span> <span class='ocrx_word' id='word_1_272' title='bbox 852 2682 1133 2736; x_wconf 74' lang='grc' dir='ltr'><em>ὑπευθύνους</em></span> <span class='ocrx_word' id='word_1_273' title='bbox 1163 2683 1340 2728; x_wconf 82' lang='grc' dir='ltr'><em>σκοπῶν</em></span> 
     </span>
     <span class='ocr_line' id='line_1_38' title="bbox 179 2750 1352 2813; baseline -0.001 -14"><span class='ocrx_word' id='word_1_274' title='bbox 179 2750 299 2808; x_wconf 79' lang='grc' dir='ltr'><em>ὅστις</em></span> <span class='ocrx_word' id='word_1_275' title='bbox 327 2755 476 2801; x_wconf 85' lang='grc' dir='ltr'><em>αὐτῶν</em></span> <span class='ocrx_word' id='word_1_276' title='bbox 502 2755 623 2813; x_wconf 78' lang='grc' dir='ltr'><em>ὠμός</em></span> <span class='ocrx_word' id='word_1_277' title='bbox 651 2757 772 2800; x_wconf 81' lang='grc' dir='ltr'><em>ἐστιν</em></span> <span class='ocrx_word' id='word_1_278' title='bbox 800 2752 829 2808; x_wconf 83' lang='grc' dir='ltr'><em>ἢ</em></span> <span class='ocrx_word' id='word_1_279' title='bbox 860 2757 1009 2799; x_wconf 82' lang='grc' dir='ltr'><em>πέπων</em></span> <span class='ocrx_word' id='word_1_280' title='bbox 1039 2752 1068 2808; x_wconf 83' lang='grc' dir='ltr'><em>ἢ</em></span> <span class='ocrx_word' id='word_1_281' title='bbox 1097 2754 1159 2812; x_wconf 81' lang='grc' dir='ltr'><strong>μὴ</strong></span> <span class='ocrx_word' id='word_1_282' title='bbox 1188 2756 1352 2808; x_wconf 83' lang='grc' dir='ltr'><em>πέπων,</em></span> 
     </span>
    </p>
   </div>
  </div>
 </body>
</html>
