1716 3158
227 185 335 228 1158
728 180 1137 223 ARIST‘OPHANIS

221 307 389 348 χρηται.
454 294 513 333 lta
544 293 752 333 Bekkerus
782 292 922 340 edidit,
952 297 992 332 at
1010 292 1240 333 Dindorflus
1269 307 1397 347 nuper
1426 296 1475 336 ad
1504 296 1666 336 v.1165

227 366 332 404 haec
368 363 545 411 rettulit,
586 363 654 402 ubi
695 362 747 400 de
784 362 1078 412 significatione
1109 364 1221 401 novis
1252 359 1393 415 φήληξ
1419 367 1494 405 ista
1524 366 1666 418 legun-

230 440 316 474 tur:
363 423 498 479 Οὗτος
527 430 571 469 δὲ
600 429 670 470 ἐπὶ
700 428 777 469 τοῦ
803 427 924 482 ω’μοῦ
953 427 1085 469 σύκου
1113 431 1331 484 κέχρηται,
1369 427 1499 472 εἰπών
1527 431 1662 474 oidol-

230 515 385 542 νοντα·
431 496 670 540 οἰδαίνεται
717 498 800 553 γάρ
836 493 904 538 ὅτε
942 496 1116 552 ἄρχεται
1154 499 1469 543 πεπαίνεσθαι·
1515 505 1588 544 καὶ
1623 505 1668 544 ἐν

237 571 528 623 Ταγηνισταῖς
558 568 602 608 δὲ
632 569 684 626 τῇ
714 569 819 619 λέξει
849 569 1061 622 κέχρηται.

911 691 997 730 XL.

341 775 538 815 Photius:
567 769 794 821 Σπινός·
825 770 899 812 διὰ
928 771 1004 812 τοῦ
1031 770 1122 820 ἑνὸς
1150 785 1175 811 ν
1203 771 1412 825 λέγουσιν.
1467 770 1673 829 Ἀριστο-

230 840 367 895 φάνης
403 843 707 894 Ταγηνισταῖς.
772 839 924 889 σπίνος
961 843 1215 883 scribendum
1249 858 1337 885 esse
1365 847 1560 899 praecipit
1590 847 1673 887 He-

230 913 386 953 rodian.
417 912 513 966 περὶ
543 909 696 968 μονήρ.
727 911 808 963 λὲξ.
839 926 879 965 p.
910 913 963 982 32)
993 912 1061 952 34.

858 1038 863 1045 “
904 1033 1011 1074 LXl.

339 1117 575 1157 Athenaeus
607 1119 660 1159 Vl
693 1132 730 1170 p.
761 1119 842 1157 260
873 1119 934 1158 E:
976 1113 1029 1155 Τί
1068 1115 1137 1154 ὸεῖ
1170 1112 1276 1168 πρὸς
1306 1110 1472 1163 τούτοις
1500 1112 1561 1155 ἔτι
1590 1129 1674 1155 πα-

233 1183 514 1238 ρατίθεσθαι
549 1183 603 1224 τὰ
640 1185 683 1223 ἐκ
719 1182 999 1236 Ταγηνιστῶν
1035 1183 1112 1223 τοῦ
1149 1183 1368 1239 χαρίεντος
1407 1181 1676 1239 Ἀριστοφά-

233 1266 357 1304 νουςς
398 1257 568 1296 Disserit
607 1256 840 1296 Athenaeus
882 1255 934 1294 de
963 1255 1076 1295 aurei
1113 1257 1263 1296 saeculi
1302 1255 1519 1304 felicitate,
1559 1269 1678 1308 quam

235 1326 379 1366 comici
423 1332 569 1378 poetae
615 1339 693 1365 non
741 1324 869 1365 semel
909 1325 1123 1376 magnifice
1172 1331 1480 1364 exornaverunt.
1546 1328 1680 1378 Atque

237 1408 314 1447 ego
353 1397 516 1447 quidem
556 1396 770 1435 censebam
799 1408 856 1434 ἐκ
892 1394 970 1433 hac
1007 1394 1278 1445 descriptione
1307 1394 1456 1445 petitos
1487 1408 1578 1435 esse
1606 1397 1679 1436 ali-

236 1470 335 1515 quot
374 1476 537 1512 versus,
576 1477 676 1516 quos
709 1464 948 1503 Plutarchus
988 1476 1068 1502 non
1107 1475 1226 1514 posse
1266 1463 1443 1501 suaviter
1473 1465 1559 1510 ⁸vivi
1598 1478 1679 1506 sec.

238 1534 404 1584 Epicur.
437 1546 470 1572 c.
503 1535 555 1572 16
586 1534 762 1581 exhibet,
793 1538 938 1584 poetae
969 1532 1130 1571 nomine
1161 1544 1238 1569 non
1271 1531 1450 1580 adiecto,
1483 1545 1582 1583 quos
1611 1535 1681 1573 ad-

239 1602 383 1654 scripsi
412 1615 534 1654 supra
563 1603 612 1642 ad
642 1599 813 1650 Σκηνὰς
840 1599 1086 1651 καταλαμβ.
1118 1601 1186 1639 Fr.
1219 1601 1291 1639 Ill.
1340 1600 1426 1639 Dixi
1456 1602 1506 1640 de
1536 1602 1679 1642 iisdem

238 1672 280 1711 in
312 1673 541 1712 Comment.
565 1686 605 1724 p.
624 1673 712 1710 194.
747 1673 864 1712 Nunc
893 1677 1025 1710 tamen
1058 1682 1134 1709 non
1166 1669 1389 1721 putaverim
1420 1671 1468 1709 ab
1499 1670 1684 1723 antiquae

241 1742 479 1781 comoediae
510 1747 629 1794 poeta
659 1742 758 1780 istos
789 1754 927 1781 versus
959 1739 1166 1792 profectos
1197 1752 1299 1778 esse.

698 1959 1250 2013 ΤΕΛΜΗΣΗΣ

355 2093 513 2135 Nomen
551 2093 713 2133 fabulae
754 2095 910 2145 accepit
947 2107 968 2132 a
1008 2098 1130 2146 gente
1170 2093 1335 2141 Carica,
1373 2104 1476 2142 quae
1512 2091 1688 2139 oracula,

244 2162 444 2215 prodigia,
473 2165 629 2203 somnia
658 2163 919 2215 interpretari
949 2163 1128 2210 solebat,
1158 2160 1238 2201 vid.
1271 2161 1414 2200 Cicero
1446 2159 1496 2197 de
1527 2158 1688 2198 divinat.

246 2231 264 2271 1
295 2233 370 2271 41:
407 2234 674 2281 „Telmessus
710 2234 751 2272 in
783 2233 901 2272 Caria
939 2237 1021 2279 est,
1056 2231 1209 2289 qua‘in
1246 2229 1348 2268 urbe
1378 2228 1540 2267 excellit
1569 2228 1690 2267 haru-

246 2301 400 2353 spicum
431 2303 680 2354 disciplina.'’
711 2307 751 2341 et
781 2316 815 2342 c.
846 2302 924 2341 42:
954 2301 1089 2350 „Tum
1120 2299 1237 2339 Caria
1267 2302 1364 2346 tota,
1385 2298 1693 2348 ‚praecipueque

248 2370 496 2419 Telmesses,
528 2385 628 2423 quos
658 2377 753 2411 ante
783 2372 876 2419 dixi,
908 2370 1015 2422 quod
1046 2382 1165 2421 agros
1194 2366 1693 2416 uberrimos'maximeque

248 2439 407 2479 fertiles
437 2442 646 2490 incolunt,
675 2442 713 2480 in
748 2441 892 2492 quibus
924 2441 1048 2478 multa
1078 2442 1245 2491 propter
1275 2435 1563 2476 fecunditatem
1596 2435 1693 2485 fingi

247 2510 441 2561 gignique
472 2517 665 2562 possunt,
693 2512 733 2549 in
765 2510 934 2549 ostentis
964 2507 1328 2548 animadvertendis
1359 2505 1574 2556 diligentes
1603 2503 1693 2541 fue-

249 2578 382 2617 runt.''
441 2579 527 2619 Cfr.
560 2580 714 2618 Aelian.
748 2580 841 2620 Var.
871 2577 979 2617 Hist.
1005 2578 1082 2616 ΧΗ
1113 2578 1180 2616 64.
1240 2576 1327 2614 Hos
1357 2579 1489 2614 autem
1520 2585 1694 2625 augures

249 2647 356 2698 apud
386 2647 680 2696 Athenienses,
710 2648 1036 2700 religiosissimos
1065 2646 1265 2694 homines,
1295 2655 1438 2696 magna
1466 2642 1594 2682 fuisse
1624 2654 1693 2681 au-

248 2715 436 2756 ctoritate
472 2717 543 2756 illo
581 2723 788 2770 tempore,
827 2717 897 2756 ubi
925 2716 1159 2768 superstitio
1189 2713 1365 2768 graviter
1395 2712 1504 2765 vulgi
1541 2712 1693 2751 animos
