1716 3164
156 194 240 235 ⁷80
698 185 1037 236 'STRATTlms

163 300 270 347 Οὐδ’
302 303 348 344 ἓν
382 298 542 357 κοπρίᾳ
570 300 659 342 κτλ.
727 303 862 355 Vulgo
902 299 1028 342 οῦδὲν
1069 299 1259 358 κάπριον.
1323 304 1434 345 Libri
1470 299 1598 344 οὐδὲν

157 370 315 428 κοπρία
345 378 385 413 et
414 367 509 411 οὐδ’
543 369 589 411 ἐν
615 366 788 426 κοπρίᾳ.
845 371 1032 412 Kuhnius
1062 367 1163 411 οὐδ’
1193 371 1239 413 ἐν
1265 371 1438 431 κοπρίῳ.

555 643 1116 686 ΦοΙΝΙΣΣΑι.
1174 648 1213 697 *J

862 768 894 807 Ῑ.

378 853 656 910 Παραινέσαι
685 853 731 894 δὲ
761 852 884 910 σφῷν
913 867 955 893 τι
984 848 1198 908 βούλομαι
1227 849 1387 909 σοφόν·

377 931 487 980 ὅταν
514 936 661 994 φακῆν
689 936 835 992 ἕψητε,
863 934 923 992 μὴ
949 934 1104 991 ’πιχεῖν
1131 933 1280 991 μύρον.

266 1045 501 1093 Athenaeus
532 1052 588 1093 IV
615 1065 656 1104 p.
684 1052 767 1091 160
783 1051 829 1091 b:
869 1047 981 1090 κατὰ
1008 1046 1088 1099 τὴν
1114 1043 1379 1103 Στράττιδος
1407 1043 1485 1086 τοῦ
1511 1059 1595 1086 κω-

154 1113 422 1177 μῳδιοποιοῦ
446 1117 676 1170 Ἰοκάστην
704 1113 797 1169 ἥτις
826 1117 871 1159 ἐν
899 1120 997 1167 ταῖς
1025 1117 1388 1173 ἐπιγραφομέναις
1414 1114 1594 1161 Φοινίσ-

155 1203 255 1239 σαις
282 1188 394 1246 φησί
422 1189 700 1244 Παραινέσαι
727 1188 816 1229 κτλ.
877 1190 1043 1230 Grotius
1073 1190 1286 1240 Excerptis
1317 1202 1357 1240 p.
1386 1188 1491 1227 878:
1532 1231 1535 1234 Α

376 1262 602 1315 Sapienter
630 1261 848 1300 admonere
877 1273 947 1299 vos
976 1247 1142 1312 aliquid*
1165 1259 1281 1299 volo:

373 1330 440 1372 Ne
468 1334 672 1371 misceant
700 1334 915 1383 unguenta
946 1330 1016 1382 qui
1044 1329 1194 1368 lentem
1223 1331 1412 1381 coquunt.

151 1402 392 1442 Aristoteles
423 1402 474 1442 de
503 1402 635 1441 Sensu
665 1415 705 1454 p.
735 1401 820 1439 443
849 1400 943 1438 Ber.
973 1394 1139 1446 ἀληθὲς
1168 1394 1251 1451 γὰρ
1280 1390 1384 1450 ὅπερ
1414 1390 1593 1449 Εὐριπί-

152 1466 234 1518 δην
271 1465 481 1509 σκώπτων
518 1460 607 1509 εἶπε
647 1465 860 1522 Στράττις
900 1461 1032 1508 ὅταν
1073 1465 1251 1522 φακῆν
1291 1465 1477 1517 ἕψητε,
1519 1463 1587 1517 μὴ

150 1537 363 1593 ἐπιχεῖν
401 1535 591 1593 μύρον.
663 1538 707 1578 οἱ
749 1536 794 1577 δὲ
838 1536 917 1578 νῦν
953 1533 1177 1591 μιγνύντες
1219 1535 1278 1583 εἷς
1320 1533 1375 1575 τοὶ
1415 1532 1593 1589 πόματα

149 1605 357 1656 τοιαύτας
387 1604 589 1661 δυνάμεις
619 1604 840 1660 βιάζονται
869 1605 922 1663 τῇ
951 1603 1171 1661 συνηθείᾳ
1201 1602 1280 1654 τὴν
1308 1601 1484 1655 ἡδονήν.
1516 1604 1592 1653 ἕως

149 1673 205 1718 ἂν
232 1677 278 1719 ἐκ
306 1674 385 1719 δύ’
418 1674 676 1726 αἰσθήσεων
704 1677 879 1730 γένηται
908 1674 957 1716 τὸ
986 1673 1070 1726 ἡδύ
1098 1672 1154 1722 uic
1182 1670 1229 1715 ἓν
1257 1675 1330 1715 καὶ
1362 1671 1450 1714 ἀπὸ
1476 1674 1591 1727 μιᾶς.

148 1751 301 1792 Notum
341 1752 404 1790 est
435 1750 695 1802 proverbium
733 1743 862 1786 τούπὶ
894 1744 947 1802 τῇ
976 1744 1094 1803 φακῇ
1121 1742 1259 1799 μύρον
1288 1746 1339 1785 de
1368 1746 1490 1785 rebus
1519 1746 1592 1785 bo-

147 1821 211 1860 nis
239 1821 281 1860 in
309 1833 357 1858 re
386 1819 455 1859 vili
485 1819 748 1870 consumptis.
815 1817 864 1858 V.
887 1817 1103 1868 Sopatrum
1132 1816 1330 1858 Athenaei
1360 1815 1430 1854 1.1.
1459 1810 1593 1852 Ἰθα-

147 1885 223 1935 κὸς
252 1885 487 1933 Ὀδυσσεύς
517 1883 645 1926 τούπὶ
675 1885 728 1941 τῇ
755 1883 874 1940 φακῇ
901 1881 1066 1939 μύρονΙ
1096 1881 1288 1936 πάρεστι.
1322 1884 1395 1923 Cfr
1424 1885 1590 1923 Cicero-

146 1972 241 1999 nem
278 1960 328 1998 ad
364 1960 448 1999 Att.
479 1959 498 1997 l
539 1958 591 1996 19
629 1960 671 1995 et
708 1956 883 1995 Gellium
925 1955 975 1994 N.
1013 1957 1061 1994 A.
1098 1955 1197 1994 XIII
1236 1954 1304 1993 27.
1370 1954 1590 2004 Unguenta

146 2033 308 2068 veteres
352 2028 450 2066 cibis
481 2026 718 2065 condiendis
756 2031 877 2077 atque
907 2025 1008 2064 adeo
1039 2024 1256 2064 miscendis
1287 2023 1389 2062 vinis
1420 2023 1591 2071 (Athen.

147 2098 188 2141 11
217 2111 257 2149 p.
283 2098 356 2146 66)
387 2096 621 2137 adhibuisse
649 2096 757 2134 haud
786 2096 969 2148 ignotum
1001 2099 1075 2133 est.
1142 2094 1230 2132 Nec
1265 2096 1488 2141 tamenssea
1523 2104 1591 2131 res

147 2166 199 2207 nd
241 2166 421 2206 omnium
462 2160 641 2217 polutum
686 2170 785 2206 erat.
857 2163 1100 2203 Plutarchus
1143 2162 1193 2203 V.
1235 2161 1351 2200 Caes.
1396 2172 1483 2211 cap.
1514 2160 1589 2200 17:

147 2230 435 2285 δειπνίζοντος
464 2231 597 2273 αὐτὸν
615 2235 964 2284 (1uLCaesarem)
994 2230 1039 2270 ἐν
1052 2225 1312 2285 Μεδιολάνῳ
1343 2226 1476 2278 ξένου,
1505 2241 1590 2267 πα-

148 2302 364 2359 ραθέντος
408 2300 665 2356 ἀσπάραγον
709 2302 783 2343 καὶ
809 2297 947 2355 μύρον
985 2295 1082 2339 ἄντ’
1113 2294 1261 2337 ἐλαίου
1288 2296 1590 2351 καταχέαντος,

148 2368 279 2420 αὐτὸς
322 2373 401 2424 μὲν
436 2369 603 2427 ἀφελῶς
639 2369 793 2425 ἔφαγε,
839 2370 929 2419 τοῖς
967 2367 1012 2409 δὲ
1056 2364 1200 2423 φίλοις
1236 2364 1590 2422 δυσχεραίνουσιν

148 2439 392 2491 ἐπέπληξεν.
439 2438 602 2498 ”Ηρκει
631 2439 713 2496 γὰρ
742 2438 885 2494 (ἔφη)
916 2437 966 2479 τὸ
994 2435 1054 2492 μὴ
1079 2436 1279 2492 χρῆσθαι
1306 2437 1395 2483 τοῖς
1424 2432 1589 2491 ἀπαρέ-

149 2523 350 2551 σκουσιν*
404 2507 427 2550 ὁ
468 2510 513 2552 δὲ
555 2509 634 2561 τὴν
674 2506 883 2559 τοιαύτην
921 2504 1143 2563 ἀγροικίαν
1193 2504 1416 2560 ἐξελέγχων
1457 2501 1589 2553 αὐτός

149 2578 269 2621 ἐστιν
295 2575 532 2634 ἄγροικος.”
590 2581 797 2635 Euripidis
825 2581 940 2622 locus
970 2591 1090 2632 quem
1119 2576 1284 2630 parodia
1313 2576 1409 2616 lusit
1424 2575 1588 2616 Strattis

240 2737 274 2783 *J
299 2739 339 2773 V.
362 2737 452 2774 Hist.
476 2738 550 2772 orit.
574 2750 606 2781 p.
630 2739 710 2773 233.
