<?xml version="1.0" encoding="UTF-8"?>
<!DOCTYPE html PUBLIC "-//W3C//DTD XHTML 1.0 Transitional//EN"
    "http://www.w3.org/TR/xhtml1/DTD/xhtml1-transitional.dtd">
<html xmlns="http://www.w3.org/1999/xhtml" xml:lang="en" lang="en">
 <head>
  <title>
</title>
<meta http-equiv="Content-Type" content="text/html;charset=utf-8" />
  <meta name='ocr-system' content='tesseract 3.04.00' />
  <meta name='ocr-capabilities' content='ocr_page ocr_carea ocr_par ocr_line ocrx_word'/>
</head>
<body>
  <div class='ocr_page' id='page_1' title='image "./fragmentacomicor02meinuoft_0631.png"; bbox 0 0 1716 3164; ppageno 0'>
   <div class='ocr_carea' id='block_1_1' title="bbox 638 149 1546 194">
    <p class='ocr_par' dir='ltr' id='par_1_1' title="bbox 638 149 1546 194">
     <span class='ocr_line' id='line_1_1' title="bbox 638 149 1546 194; baseline 0.002 -2"><span class='ocrx_word' id='word_1_1' title='bbox 638 149 1023 193; x_wconf 77' lang='lat' dir='ltr'><strong>CROTONIATA.</strong></span> <span class='ocrx_word' id='word_1_2' title='bbox 1433 151 1546 194; x_wconf 77' lang='lat'><strong>1229</strong></span> 
     </span>
    </p>
   </div>
   <div class='ocr_carea' id='block_1_2' title="bbox 0 264 1545 1460">
    <p class='ocr_par' dir='ltr' id='par_1_2' title="bbox 0 264 1545 1460">
     <span class='ocr_line' id='line_1_2' title="bbox 64 264 1545 320; baseline -0.003 -9"><span class='ocrx_word' id='word_1_3' title='bbox 64 274 134 311; x_wconf 86' lang='lat' dir='ltr'><strong>tur</strong></span> <span class='ocrx_word' id='word_1_4' title='bbox 162 266 482 320; x_wconf 79' lang='lat' dir='ltr'><strong>Theopompus,</strong></span> <span class='ocrx_word' id='word_1_5' title='bbox 514 276 620 318; x_wconf 86' lang='lat' dir='ltr'><strong>quae</strong></span> <span class='ocrx_word' id='word_1_6' title='bbox 649 266 728 306; x_wconf 88' lang='lat' dir='ltr'><strong>etsi</strong></span> <span class='ocrx_word' id='word_1_7' title='bbox 758 266 800 306; x_wconf 84' lang='lat' dir='ltr'><strong>in</strong></span> <span class='ocrx_word' id='word_1_8' title='bbox 831 266 958 318; x_wconf 86' lang='lat' dir='ltr'><strong>longe</strong></span> <span class='ocrx_word' id='word_1_9' title='bbox 988 264 1070 306; x_wconf 90' lang='lat' dir='ltr'><strong>alio</strong></span> <span class='ocrx_word' id='word_1_10' title='bbox 1099 267 1345 318; x_wconf 88' lang='lat' dir='ltr'><strong>argumento</strong></span> <span class='ocrx_word' id='word_1_11' title='bbox 1374 277 1545 307; x_wconf 84' lang='lat' dir='ltr'><strong>versan-</strong></span> 
     </span>
     <span class='ocr_line' id='line_1_3' title="bbox 60 337 1545 391; baseline -0.002 -11"><span class='ocrx_word' id='word_1_12' title='bbox 60 344 131 380; x_wconf 81' lang='lat' dir='ltr'><strong>tur</strong></span> <span class='ocrx_word' id='word_1_13' title='bbox 157 342 282 391; x_wconf 84' lang='lat' dir='ltr'><strong>atque</strong></span> <span class='ocrx_word' id='word_1_14' title='bbox 313 351 361 378; x_wconf 91' lang='lat' dir='ltr'><strong>ea</strong></span> <span class='ocrx_word' id='word_1_15' title='bbox 392 350 498 389; x_wconf 88' lang='lat' dir='ltr'><strong>quae</strong></span> <span class='ocrx_word' id='word_1_16' title='bbox 527 349 578 377; x_wconf 81' lang='lat' dir='ltr'><strong>ex</strong></span> <span class='ocrx_word' id='word_1_17' title='bbox 596 337 799 377; x_wconf 74' lang='lat' dir='ltr'><strong>Pausania</strong></span> <span class='ocrx_word' id='word_1_18' title='bbox 827 337 1080 386; x_wconf 83' lang='lat' dir='ltr'><strong>rettulimus,</strong></span> <span class='ocrx_word' id='word_1_19' title='bbox 1110 341 1264 386; x_wconf 88' lang='lat' dir='ltr'><strong>tamen,</strong></span> <span class='ocrx_word' id='word_1_20' title='bbox 1294 337 1329 377; x_wconf 91' lang='lat' dir='ltr'><strong>si</strong></span> <span class='ocrx_word' id='word_1_21' title='bbox 1361 350 1452 377; x_wconf 88' lang='lat' dir='ltr'><strong>rem</strong></span> <span class='ocrx_word' id='word_1_22' title='bbox 1482 337 1545 377; x_wconf 90' lang='lat' dir='ltr'><strong>di-</strong></span> 
     </span>
     <span class='ocr_line' id='line_1_4' title="bbox 61 407 1545 462; baseline 0 -13"><span class='ocrx_word' id='word_1_23' title='bbox 61 409 258 462; x_wconf 83' lang='lat' dir='ltr'><strong>ligentius</strong></span> <span class='ocrx_word' id='word_1_24' title='bbox 298 407 616 461; x_wconf 86' lang='lat' dir='ltr'><strong>contempleris,</strong></span> <span class='ocrx_word' id='word_1_25' title='bbox 656 407 710 447; x_wconf 88' lang='lat' dir='ltr'><strong>de</strong></span> <span class='ocrx_word' id='word_1_26' title='bbox 747 407 897 447; x_wconf 89' lang='lat' dir='ltr'><strong>eodem</strong></span> <span class='ocrx_word' id='word_1_27' title='bbox 938 412 1162 459; x_wconf 86' lang='lat' dir='ltr'><strong>utrumque</strong></span> <span class='ocrx_word' id='word_1_28' title='bbox 1192 408 1439 460; x_wconf 79' lang='lat' dir='ltr'><strong>scriptorem</strong></span> <span class='ocrx_word' id='word_1_29' title='bbox 1468 409 1545 449; x_wconf 89' lang='lat' dir='ltr'><strong>ho-</strong></span> 
     </span>
     <span class='ocr_line' id='line_1_5' title="bbox 0 477 1545 531; baseline 0.001 -12"><span class='ocrx_word' id='word_1_30' title='bbox 0 477 3 515; x_wconf 70' lang='lat'>!</span> <span class='ocrx_word' id='word_1_31' title='bbox 59 480 171 520; x_wconf 84' lang='lat' dir='ltr'><strong>mine</strong></span> <span class='ocrx_word' id='word_1_32' title='bbox 202 479 315 531; x_wconf 90' lang='lat' dir='ltr'><strong>loqui</strong></span> <span class='ocrx_word' id='word_1_33' title='bbox 345 481 409 519; x_wconf 79' lang='lat' dir='ltr'><strong>vix</strong></span> <span class='ocrx_word' id='word_1_34' title='bbox 439 477 694 518; x_wconf 83' lang='lat' dir='ltr'><strong>infltiaberis.</strong></span> <span class='ocrx_word' id='word_1_35' title='bbox 765 478 825 517; x_wconf 90' lang='lat' dir='ltr'><strong>De</strong></span> <span class='ocrx_word' id='word_1_36' title='bbox 869 478 1000 530; x_wconf 85' lang='lat' dir='ltr'><strong>patria</strong></span> <span class='ocrx_word' id='word_1_37' title='bbox 1041 483 1179 518; x_wconf 87' lang='lat' dir='ltr'><strong>autem</strong></span> <span class='ocrx_word' id='word_1_38' title='bbox 1222 491 1327 531; x_wconf 88' lang='lat' dir='ltr'><strong>quae</strong></span> <span class='ocrx_word' id='word_1_39' title='bbox 1357 479 1545 520; x_wconf 79' lang='lat' dir='ltr'><strong>oboritur</strong></span> 
     </span>
     <span class='ocr_line' id='line_1_6' title="bbox 0 548 1544 604; baseline 0.001 -14"><span class='ocrx_word' id='word_1_40' title='bbox 0 554 1 566; x_wconf 67' lang='lat'>¹</span> <span class='ocrx_word' id='word_1_41' title='bbox 60 550 344 590; x_wconf 85' lang='lat' dir='ltr'><strong>controversia</strong></span> <span class='ocrx_word' id='word_1_42' title='bbox 373 550 430 590; x_wconf 87' lang='lat' dir='ltr'><strong>ita</strong></span> <span class='ocrx_word' id='word_1_43' title='bbox 458 550 649 602; x_wconf 90' lang='lat' dir='ltr'><strong>componi</strong></span> <span class='ocrx_word' id='word_1_44' title='bbox 688 560 813 600; x_wconf 84' lang='lat' dir='ltr'><strong>posse</strong></span> <span class='ocrx_word' id='word_1_45' title='bbox 853 548 1031 597; x_wconf 78' lang='lat' dir='ltr'><strong>videtur,</strong></span> <span class='ocrx_word' id='word_1_46' title='bbox 1064 554 1109 587; x_wconf 92' lang='lat' dir='ltr'><strong>ut</strong></span> <span class='ocrx_word' id='word_1_47' title='bbox 1142 548 1439 590; x_wconf 79' lang='lat' dir='ltr'><strong>Phormionem</strong></span> <span class='ocrx_word' id='word_1_48' title='bbox 1468 563 1544 604; x_wconf 88' lang='lat' dir='ltr'><strong>po·</strong></span> 
     </span>
     <span class='ocr_line' id='line_1_7' title="bbox 61 619 1544 675; baseline 0 -13"><span class='ocrx_word' id='word_1_49' title='bbox 61 626 150 662; x_wconf 86' lang='lat' dir='ltr'><strong>stea</strong></span> <span class='ocrx_word' id='word_1_50' title='bbox 190 622 364 675; x_wconf 85' lang='lat' dir='ltr'><strong>Spartae</strong></span> <span class='ocrx_word' id='word_1_51' title='bbox 404 621 514 661; x_wconf 87' lang='lat' dir='ltr'><strong>vitae</strong></span> <span class='ocrx_word' id='word_1_52' title='bbox 551 619 806 660; x_wconf 81' lang='lat' dir='ltr'><strong>domicilium</strong></span> <span class='ocrx_word' id='word_1_53' title='bbox 845 619 1034 672; x_wconf 84' lang='lat' dir='ltr'><strong>posuisse</strong></span> <span class='ocrx_word' id='word_1_54' title='bbox 1087 619 1229 671; x_wconf 86' lang='lat' dir='ltr'><strong>ibique</strong></span> <span class='ocrx_word' id='word_1_55' title='bbox 1276 620 1388 672; x_wconf 89' lang='lat' dir='ltr'><strong>quod</strong></span> <span class='ocrx_word' id='word_1_56' title='bbox 1435 622 1544 663; x_wconf 78' lang='lat' dir='ltr'><strong>vitae</strong></span> 
     </span>
     <span class='ocr_line' id='line_1_8' title="bbox 59 690 1543 746; baseline 0 -13"><span class='ocrx_word' id='word_1_57' title='bbox 59 693 264 746; x_wconf 90' lang='lat' dir='ltr'><strong>reliquum</strong></span> <span class='ocrx_word' id='word_1_58' title='bbox 290 698 378 733; x_wconf 89' lang='lat' dir='ltr'><strong>erat</strong></span> <span class='ocrx_word' id='word_1_59' title='bbox 400 691 654 746; x_wconf 77' lang='lat' dir='ltr'><strong>transegisse</strong></span> <span class='ocrx_word' id='word_1_60' title='bbox 681 695 937 739; x_wconf 82' lang='lat' dir='ltr'><strong>statuamus3</strong></span> <span class='ocrx_word' id='word_1_61' title='bbox 969 701 1105 742; x_wconf 86' lang='lat' dir='ltr'><strong>neque</strong></span> <span class='ocrx_word' id='word_1_62' title='bbox 1128 690 1171 730; x_wconf 92' lang='lat' dir='ltr'><strong>id</strong></span> <span class='ocrx_word' id='word_1_63' title='bbox 1194 691 1236 730; x_wconf 90' lang='lat' dir='ltr'><strong>in</strong></span> <span class='ocrx_word' id='word_1_64' title='bbox 1259 695 1373 731; x_wconf 85' lang='lat' dir='ltr'><strong>tanta</strong></span> <span class='ocrx_word' id='word_1_65' title='bbox 1388 693 1543 733; x_wconf 89' lang='lat' dir='ltr'><strong>utrius-</strong></span> 
     </span>
     <span class='ocr_line' id='line_1_9' title="bbox 61 761 1543 815; baseline -0.001 -11"><span class='ocrx_word' id='word_1_66' title='bbox 61 775 141 815; x_wconf 89' lang='lat' dir='ltr'><strong>que</strong></span> <span class='ocrx_word' id='word_1_67' title='bbox 180 764 354 803; x_wconf 79' lang='lat' dir='ltr'><strong>civitatis</strong></span> <span class='ocrx_word' id='word_1_68' title='bbox 391 762 593 803; x_wconf 84' lang='lat' dir='ltr'><strong>affinitate</strong></span> <span class='ocrx_word' id='word_1_69' title='bbox 634 761 867 801; x_wconf 85' lang='lat' dir='ltr'><strong>mirandum</strong></span> <span class='ocrx_word' id='word_1_70' title='bbox 905 764 980 801; x_wconf 90' lang='lat' dir='ltr'><strong>est.</strong></span> <span class='ocrx_word' id='word_1_71' title='bbox 1062 761 1112 803; x_wconf 89' lang='lat' dir='ltr'><strong>V.</strong></span> <span class='ocrx_word' id='word_1_72' title='bbox 1145 761 1321 802; x_wconf 85' lang='lat' dir='ltr'><strong>Pausan.</strong></span> <span class='ocrx_word' id='word_1_73' title='bbox 1354 763 1414 803; x_wconf 89' lang='lat'><strong>111</strong></span> <span class='ocrx_word' id='word_1_74' title='bbox 1444 763 1471 802; x_wconf 85' lang='lat'><strong>3</strong></span> <span class='ocrx_word' id='word_1_75' title='bbox 1503 765 1543 804; x_wconf 87' lang='lat' dir='ltr'><strong>l.</strong></span> 
     </span>
     <span class='ocr_line' id='line_1_10' title="bbox 60 831 1542 887; baseline 0.001 -12"><span class='ocrx_word' id='word_1_76' title='bbox 60 835 127 875; x_wconf 90' lang='lat' dir='ltr'><strong>cll.</strong></span> <span class='ocrx_word' id='word_1_77' title='bbox 159 833 340 875; x_wconf 84' lang='lat' dir='ltr'><strong>Miillero</strong></span> <span class='ocrx_word' id='word_1_78' title='bbox 373 835 471 875; x_wconf 91' lang='lat' dir='ltr'><strong>Dor.</strong></span> <span class='ocrx_word' id='word_1_79' title='bbox 504 834 520 874; x_wconf 93' lang='lat' dir='ltr'><strong>l</strong></span> <span class='ocrx_word' id='word_1_80' title='bbox 551 847 590 887; x_wconf 92' lang='lat' dir='ltr'><strong>p.</strong></span> <span class='ocrx_word' id='word_1_81' title='bbox 608 834 703 874; x_wconf 84' lang='lat'><strong>126.</strong></span> <span class='ocrx_word' id='word_1_82' title='bbox 764 834 901 886; x_wconf 86' lang='lat' dir='ltr'><strong>Atque</strong></span> <span class='ocrx_word' id='word_1_83' title='bbox 931 833 1030 872; x_wconf 91' lang='lat' dir='ltr'><strong>hinc</strong></span> <span class='ocrx_word' id='word_1_84' title='bbox 1058 831 1214 872; x_wconf 82' lang='lat' dir='ltr'><strong>factum</strong></span> <span class='ocrx_word' id='word_1_85' title='bbox 1250 838 1326 882; x_wconf 87' lang='lat' dir='ltr'><strong>est,</strong></span> <span class='ocrx_word' id='word_1_86' title='bbox 1359 840 1403 873; x_wconf 92' lang='lat' dir='ltr'><strong>ut</strong></span> <span class='ocrx_word' id='word_1_87' title='bbox 1431 834 1542 876; x_wconf 88' lang='lat' dir='ltr'><strong>idem</strong></span> 
     </span>
     <span class='ocr_line' id='line_1_11' title="bbox 58 903 1540 957; baseline 0.002 -12"><span class='ocrx_word' id='word_1_88' title='bbox 58 904 184 946; x_wconf 91' lang='lat' dir='ltr'><strong>homo</strong></span> <span class='ocrx_word' id='word_1_89' title='bbox 214 905 264 945; x_wconf 90' lang='lat' dir='ltr'><strong>ab</strong></span> <span class='ocrx_word' id='word_1_90' title='bbox 294 905 385 945; x_wconf 90' lang='lat' dir='ltr'><strong>aliis</strong></span> <span class='ocrx_word' id='word_1_91' title='bbox 402 906 655 955; x_wconf 87' lang='lat' dir='ltr'><strong>Crotoniata,</strong></span> <span class='ocrx_word' id='word_1_92' title='bbox 686 905 736 945; x_wconf 88' lang='lat' dir='ltr'><strong>ab</strong></span> <span class='ocrx_word' id='word_1_93' title='bbox 754 905 842 944; x_wconf 84' lang='lat' dir='ltr'><strong>aliis</strong></span> <span class='ocrx_word' id='word_1_94' title='bbox 863 903 1216 944; x_wconf 85' lang='lat' dir='ltr'><strong>Lacedaemonius</strong></span> <span class='ocrx_word' id='word_1_95' title='bbox 1246 905 1540 957; x_wconf 84' lang='lat' dir='ltr'><strong>appellaretur.</strong></span> 
     </span>
     <span class='ocr_line' id='line_1_12' title="bbox 60 974 1540 1029; baseline 0.001 -12"><span class='ocrx_word' id='word_1_96' title='bbox 60 976 294 1029; x_wconf 86' lang='lat' dir='ltr'><strong>Temporis,</strong></span> <span class='ocrx_word' id='word_1_97' title='bbox 323 989 405 1029; x_wconf 91' lang='lat' dir='ltr'><strong>quo</strong></span> <span class='ocrx_word' id='word_1_98' title='bbox 437 977 535 1017; x_wconf 83' lang='lat' dir='ltr'><strong>vixit</strong></span> <span class='ocrx_word' id='word_1_99' title='bbox 567 977 792 1025; x_wconf 89' lang='lat' dir='ltr'><strong>Phormio,</strong></span> <span class='ocrx_word' id='word_1_100' title='bbox 822 975 905 1015; x_wconf 89' lang='lat' dir='ltr'><strong>hoc</strong></span> <span class='ocrx_word' id='word_1_101' title='bbox 934 986 1062 1015; x_wconf 91' lang='lat' dir='ltr'><strong>unum</strong></span> <span class='ocrx_word' id='word_1_102' title='bbox 1093 974 1292 1015; x_wconf 91' lang='lat' dir='ltr'><strong>indicium</strong></span> <span class='ocrx_word' id='word_1_103' title='bbox 1323 975 1540 1028; x_wconf 88' lang='lat' dir='ltr'><strong>habemus,</strong></span> 
     </span>
     <span class='ocr_line' id='line_1_13' title="bbox 57 1045 1541 1102; baseline 0.002 -15"><span class='ocrx_word' id='word_1_104' title='bbox 57 1047 168 1100; x_wconf 87' lang='lat' dir='ltr'><strong>quod</strong></span> <span class='ocrx_word' id='word_1_105' title='bbox 196 1048 356 1100; x_wconf 83' lang='lat' dir='ltr'><strong>praelio</strong></span> <span class='ocrx_word' id='word_1_106' title='bbox 388 1049 725 1090; x_wconf 87' lang='lat' dir='ltr'><strong>Crotoniatarum</strong></span> <span class='ocrx_word' id='word_1_107' title='bbox 765 1047 818 1087; x_wconf 87' lang='lat' dir='ltr'><strong>ad</strong></span> <span class='ocrx_word' id='word_1_108' title='bbox 848 1048 1020 1100; x_wconf 83' lang='lat' dir='ltr'><strong>Sagram</strong></span> <span class='ocrx_word' id='word_1_109' title='bbox 1060 1045 1266 1087; x_wconf 84' lang='lat' dir='ltr'><strong>interfuit.</strong></span> <span class='ocrx_word' id='word_1_110' title='bbox 1327 1048 1431 1089; x_wconf 88' lang='lat' dir='ltr'><strong>Eam</strong></span> <span class='ocrx_word' id='word_1_111' title='bbox 1461 1062 1541 1102; x_wconf 88' lang='lat' dir='ltr'><strong>pu-</strong></span> 
     </span>
     <span class='ocr_line' id='line_1_14' title="bbox 56 1117 1540 1171; baseline 0.003 -13"><span class='ocrx_word' id='word_1_112' title='bbox 56 1131 178 1171; x_wconf 88' lang='lat' dir='ltr'><strong>gnam</strong></span> <span class='ocrx_word' id='word_1_113' title='bbox 208 1119 259 1158; x_wconf 91' lang='lat' dir='ltr'><strong>ad</strong></span> <span class='ocrx_word' id='word_1_114' title='bbox 290 1119 521 1171; x_wconf 86' lang='lat' dir='ltr'><strong>antiquiora</strong></span> <span class='ocrx_word' id='word_1_115' title='bbox 559 1123 749 1171; x_wconf 90' lang='lat' dir='ltr'><strong>tempora</strong></span> <span class='ocrx_word' id='word_1_116' title='bbox 787 1117 999 1171; x_wconf 88' lang='lat' dir='ltr'><strong>pertinere</strong></span> <span class='ocrx_word' id='word_1_117' title='bbox 1036 1122 1078 1158; x_wconf 86' lang='lat' dir='ltr'><strong>et</strong></span> <span class='ocrx_word' id='word_1_118' title='bbox 1118 1122 1215 1158; x_wconf 87' lang='lat' dir='ltr'><strong>ante</strong></span> <span class='ocrx_word' id='word_1_119' title='bbox 1247 1117 1413 1171; x_wconf 79' lang='lat' dir='ltr'><strong>Olymp.</strong></span> <span class='ocrx_word' id='word_1_120' title='bbox 1444 1120 1540 1161; x_wconf 83' lang='lat' dir='ltr'><strong>LVI</strong></span> 
     </span>
     <span class='ocr_line' id='line_1_15' title="bbox 57 1189 1540 1244; baseline 0.001 -14"><span class='ocrx_word' id='word_1_121' title='bbox 57 1190 255 1231; x_wconf 75' lang='lat' dir='ltr'><strong>accidisse</strong></span> <span class='ocrx_word' id='word_1_122' title='bbox 285 1191 557 1244; x_wconf 87' lang='lat' dir='ltr'><strong>probabiliter</strong></span> <span class='ocrx_word' id='word_1_123' title='bbox 587 1191 730 1231; x_wconf 88' lang='lat' dir='ltr'><strong>effecit</strong></span> <span class='ocrx_word' id='word_1_124' title='bbox 759 1190 951 1242; x_wconf 85' lang='lat' dir='ltr'><strong>Heynius</strong></span> <span class='ocrx_word' id='word_1_125' title='bbox 981 1189 1136 1242; x_wconf 86' lang='lat' dir='ltr'><strong>Opusc.</strong></span> <span class='ocrx_word' id='word_1_126' title='bbox 1171 1190 1209 1229; x_wconf 91' lang='lat' dir='ltr'><strong>ll</strong></span> <span class='ocrx_word' id='word_1_127' title='bbox 1238 1202 1280 1242; x_wconf 90' lang='lat' dir='ltr'><strong>p.</strong></span> <span class='ocrx_word' id='word_1_128' title='bbox 1314 1191 1410 1231; x_wconf 79' lang='lat'><strong>184.</strong></span> <span class='ocrx_word' id='word_1_129' title='bbox 1476 1193 1540 1232; x_wconf 77' lang='lat' dir='ltr'><strong>Ex</strong></span> 
     </span>
     <span class='ocr_line' id='line_1_16' title="bbox 57 1261 1539 1315; baseline 0.001 -14"><span class='ocrx_word' id='word_1_130' title='bbox 57 1273 139 1314; x_wconf 90' lang='lat' dir='ltr'><strong>quo</strong></span> <span class='ocrx_word' id='word_1_131' title='bbox 167 1261 414 1315; x_wconf 82' lang='lat' dir='ltr'><strong>intelligitur</strong></span> <span class='ocrx_word' id='word_1_132' title='bbox 432 1262 613 1311; x_wconf 85' lang='lat' dir='ltr'><strong>Battum,</strong></span> <span class='ocrx_word' id='word_1_133' title='bbox 644 1261 695 1301; x_wconf 87' lang='lat' dir='ltr'><strong>ad</strong></span> <span class='ocrx_word' id='word_1_134' title='bbox 726 1273 850 1313; x_wconf 89' lang='lat' dir='ltr'><strong>quem</strong></span> <span class='ocrx_word' id='word_1_135' title='bbox 870 1261 1167 1301; x_wconf 88' lang='lat' dir='ltr'><strong>Phormionem</strong></span> <span class='ocrx_word' id='word_1_136' title='bbox 1198 1265 1415 1302; x_wconf 88' lang='lat' dir='ltr'><strong>evocatum</strong></span> <span class='ocrx_word' id='word_1_137' title='bbox 1447 1276 1539 1304; x_wconf 86' lang='lat' dir='ltr'><strong>esse</strong></span> 
     </span>
     <span class='ocr_line' id='line_1_17' title="bbox 58 1331 1539 1386; baseline 0.003 -14"><span class='ocrx_word' id='word_1_138' title='bbox 58 1331 356 1385; x_wconf 89' lang='lat' dir='ltr'><strong>Theopompus</strong></span> <span class='ocrx_word' id='word_1_139' title='bbox 386 1333 569 1382; x_wconf 84' lang='lat' dir='ltr'><strong>tradidit,</strong></span> <span class='ocrx_word' id='word_1_140' title='bbox 601 1333 689 1373; x_wconf 90' lang='lat' dir='ltr'><strong>eius</strong></span> <span class='ocrx_word' id='word_1_141' title='bbox 720 1333 896 1372; x_wconf 87' lang='lat' dir='ltr'><strong>nominis</strong></span> <span class='ocrx_word' id='word_1_142' title='bbox 926 1331 1059 1372; x_wconf 82' lang='lat' dir='ltr'><strong>fuisse</strong></span> <span class='ocrx_word' id='word_1_143' title='bbox 1088 1332 1340 1382; x_wconf 86' lang='lat' dir='ltr'><strong>secuudum,</strong></span> <span class='ocrx_word' id='word_1_144' title='bbox 1372 1335 1442 1386; x_wconf 91' lang='lat' dir='ltr'><strong>qui</strong></span> <span class='ocrx_word' id='word_1_145' title='bbox 1470 1349 1539 1376; x_wconf 90' lang='lat' dir='ltr'><strong>re-</strong></span> 
     </span>
     <span class='ocr_line' id='line_1_18' title="bbox 55 1404 1538 1460; baseline 0.002 -17"><span class='ocrx_word' id='word_1_146' title='bbox 55 1415 184 1456; x_wconf 86' lang='lat' dir='ltr'><strong>gnare</strong></span> <span class='ocrx_word' id='word_1_147' title='bbox 214 1404 352 1456; x_wconf 87' lang='lat' dir='ltr'><strong>coepit</strong></span> <span class='ocrx_word' id='word_1_148' title='bbox 381 1409 479 1444; x_wconf 90' lang='lat' dir='ltr'><strong>ante</strong></span> <span class='ocrx_word' id='word_1_149' title='bbox 510 1404 676 1457; x_wconf 81' lang='lat' dir='ltr'><strong>Olymp.</strong></span> <span class='ocrx_word' id='word_1_150' title='bbox 709 1404 800 1444; x_wconf 88' lang='lat' dir='ltr'><strong>LII.</strong></span> <span class='ocrx_word' id='word_1_151' title='bbox 861 1404 984 1456; x_wconf 81' lang='lat' dir='ltr'><strong>Quod</strong></span> <span class='ocrx_word' id='word_1_152' title='bbox 1014 1408 1152 1444; x_wconf 89' lang='lat' dir='ltr'><strong>autem</strong></span> <span class='ocrx_word' id='word_1_153' title='bbox 1183 1404 1235 1444; x_wconf 89' lang='lat' dir='ltr'><strong>ad</strong></span> <span class='ocrx_word' id='word_1_154' title='bbox 1265 1405 1430 1446; x_wconf 85' lang='lat' dir='ltr'><strong>Battum</strong></span> <span class='ocrx_word' id='word_1_155' title='bbox 1462 1420 1538 1460; x_wconf 85' lang='lat' dir='ltr'><strong>po-</strong></span> 
     </span>
    </p>
   </div>
   <div class='ocr_carea' id='block_1_3' title="bbox 54 1473 1617 1536">
    <p class='ocr_par' dir='ltr' id='par_1_3' title="bbox 54 1473 1617 1536">
     <span class='ocr_line' id='line_1_19' title="bbox 54 1473 1617 1536; baseline 0.004 -22"><span class='ocrx_word' id='word_1_156' title='bbox 54 1473 256 1515; x_wconf 89' lang='lat' dir='ltr'><strong>tissimum</strong></span> <span class='ocrx_word' id='word_1_157' title='bbox 287 1475 484 1515; x_wconf 89' lang='lat' dir='ltr'><strong>Phormio</strong></span> <span class='ocrx_word' id='word_1_158' title='bbox 517 1479 711 1516; x_wconf 86' lang='lat' dir='ltr'><strong>evocatus</strong></span> <span class='ocrx_word' id='word_1_159' title='bbox 742 1488 833 1515; x_wconf 88' lang='lat' dir='ltr'><strong>esse</strong></span> <span class='ocrx_word' id='word_1_160' title='bbox 864 1475 1028 1525; x_wconf 90' lang='lat' dir='ltr'><strong>dicitur,</strong></span> <span class='ocrx_word' id='word_1_161' title='bbox 1060 1475 1150 1516; x_wconf 86' lang='lat' dir='ltr'><strong>eius</strong></span> <span class='ocrx_word' id='word_1_162' title='bbox 1179 1475 1240 1516; x_wconf 91' lang='lat' dir='ltr'><strong>rei</strong></span> <span class='ocrx_word' id='word_1_163' title='bbox 1272 1475 1378 1517; x_wconf 87' lang='lat' dir='ltr'><strong>haec</strong></span> <span class='ocrx_word' id='word_1_164' title='bbox 1406 1477 1538 1520; x_wconf 84' lang='lat' dir='ltr'><strong>fuisse</strong></span> <span class='ocrx_word' id='word_1_165' title='bbox 1616 1533 1617 1536; x_wconf 11' lang='grc' dir='ltr'><strong>Ἴ</strong></span> 
     </span>
    </p>
   </div>
   <div class='ocr_carea' id='block_1_4' title="bbox 50 1545 1537 2454">
    <p class='ocr_par' dir='ltr' id='par_1_4' title="bbox 53 1545 1537 1942">
     <span class='ocr_line' id='line_1_20' title="bbox 53 1545 1537 1598; baseline 0.005 -14"><span class='ocrx_word' id='word_1_166' title='bbox 53 1545 219 1585; x_wconf 81' lang='lat' dir='ltr'><strong>videtur</strong></span> <span class='ocrx_word' id='word_1_167' title='bbox 255 1558 426 1595; x_wconf 85' lang='lat' dir='ltr'><strong>caussa,</strong></span> <span class='ocrx_word' id='word_1_168' title='bbox 464 1547 575 1598; x_wconf 91' lang='lat' dir='ltr'><strong>quod</strong></span> <span class='ocrx_word' id='word_1_169' title='bbox 614 1548 738 1586; x_wconf 85' lang='lat' dir='ltr'><strong>etiam</strong></span> <span class='ocrx_word' id='word_1_170' title='bbox 781 1548 924 1586; x_wconf 84' lang='lat' dir='ltr'><strong>Battus</strong></span> <span class='ocrx_word' id='word_1_171' title='bbox 963 1559 1104 1587; x_wconf 89' lang='lat' dir='ltr'><strong>rerum</strong></span> <span class='ocrx_word' id='word_1_172' title='bbox 1145 1547 1375 1588; x_wconf 86' lang='lat' dir='ltr'><strong>divinarum</strong></span> <span class='ocrx_word' id='word_1_173' title='bbox 1416 1562 1537 1591; x_wconf 91' lang='lat' dir='ltr'><strong>usum</strong></span> 
     </span>
     <span class='ocr_line' id='line_1_21' title="bbox 54 1615 1536 1671; baseline 0.005 -16"><span class='ocrx_word' id='word_1_174' title='bbox 54 1615 249 1658; x_wconf 82' lang='lat' dir='ltr'><strong>habuisse</strong></span> <span class='ocrx_word' id='word_1_175' title='bbox 285 1618 541 1658; x_wconf 80' lang='lat' dir='ltr'><strong>existimatus</strong></span> <span class='ocrx_word' id='word_1_176' title='bbox 583 1625 659 1659; x_wconf 87' lang='lat' dir='ltr'><strong>est.</strong></span> <span class='ocrx_word' id='word_1_177' title='bbox 720 1619 847 1659; x_wconf 90' lang='lat' dir='ltr'><strong>Certe</strong></span> <span class='ocrx_word' id='word_1_178' title='bbox 877 1617 1008 1658; x_wconf 87' lang='lat' dir='ltr'><strong>fuisse</strong></span> <span class='ocrx_word' id='word_1_179' title='bbox 1038 1618 1108 1671; x_wconf 92' lang='lat' dir='ltr'><strong>qui</strong></span> <span class='ocrx_word' id='word_1_180' title='bbox 1138 1619 1266 1658; x_wconf 89' lang='lat' dir='ltr'><strong>libros</strong></span> <span class='ocrx_word' id='word_1_181' title='bbox 1297 1620 1350 1660; x_wconf 88' lang='lat' dir='ltr'><strong>de</strong></span> <span class='ocrx_word' id='word_1_182' title='bbox 1380 1621 1536 1663; x_wconf 81' lang='lat' dir='ltr'><strong>divina-</strong></span> 
     </span>
     <span class='ocr_line' id='line_1_22' title="bbox 56 1686 1536 1743; baseline 0.005 -17"><span class='ocrx_word' id='word_1_183' title='bbox 56 1686 171 1727; x_wconf 86' lang='lat' dir='ltr'><strong>tione</strong></span> <span class='ocrx_word' id='word_1_184' title='bbox 214 1688 354 1740; x_wconf 90' lang='lat' dir='ltr'><strong>Mopsi</strong></span> <span class='ocrx_word' id='word_1_185' title='bbox 402 1689 567 1729; x_wconf 89' lang='lat' dir='ltr'><strong>nomine</strong></span> <span class='ocrx_word' id='word_1_186' title='bbox 615 1690 837 1743; x_wconf 84' lang='lat' dir='ltr'><strong>inscriptos</strong></span> <span class='ocrx_word' id='word_1_187' title='bbox 877 1703 900 1729; x_wconf 91' lang='lat' dir='ltr'><strong>a</strong></span> <span class='ocrx_word' id='word_1_188' title='bbox 944 1691 1064 1730; x_wconf 88' lang='lat' dir='ltr'><strong>Batto</strong></span> <span class='ocrx_word' id='word_1_189' title='bbox 1112 1692 1364 1742; x_wconf 87' lang='lat' dir='ltr'><strong>compositos</strong></span> <span class='ocrx_word' id='word_1_190' title='bbox 1406 1691 1536 1734; x_wconf 84' lang='lat' dir='ltr'><strong>fuisse</strong></span> 
     </span>
     <span class='ocr_line' id='line_1_23' title="bbox 55 1757 1536 1815; baseline 0.003 -17"><span class='ocrx_word' id='word_1_191' title='bbox 55 1757 271 1809; x_wconf 85' lang='lat' dir='ltr'><strong>dicerent,</strong></span> <span class='ocrx_word' id='word_1_192' title='bbox 302 1760 424 1800; x_wconf 88' lang='lat' dir='ltr'><strong>docet</strong></span> <span class='ocrx_word' id='word_1_193' title='bbox 455 1762 649 1802; x_wconf 86' lang='lat' dir='ltr'><strong>Clemens</strong></span> <span class='ocrx_word' id='word_1_194' title='bbox 680 1761 798 1802; x_wconf 84' lang='lat' dir='ltr'><strong>Alex.</strong></span> <span class='ocrx_word' id='word_1_195' title='bbox 830 1762 913 1802; x_wconf 89' lang='lat' dir='ltr'><strong>Str.</strong></span> <span class='ocrx_word' id='word_1_196' title='bbox 946 1762 964 1801; x_wconf 92' lang='grc' dir='ltr'>Ι</span> <span class='ocrx_word' id='word_1_197' title='bbox 994 1775 1036 1814; x_wconf 92' lang='lat' dir='ltr'><strong>p.</strong></span> <span class='ocrx_word' id='word_1_198' title='bbox 1066 1761 1176 1801; x_wconf 79' lang='lat'><strong>333:</strong></span> <span class='ocrx_word' id='word_1_199' title='bbox 1217 1761 1333 1815; x_wconf 73' lang='grc' dir='ltr'><em>φασὶ</em></span> <span class='ocrx_word' id='word_1_200' title='bbox 1372 1759 1418 1801; x_wconf 77' lang='grc' dir='ltr'><strong>δὲ</strong></span> <span class='ocrx_word' id='word_1_201' title='bbox 1454 1760 1536 1812; x_wconf 84' lang='grc' dir='ltr'><strong>τὴν</strong></span> 
     </span>
     <span class='ocr_line' id='line_1_24' title="bbox 54 1824 1537 1888; baseline 0.005 -19"><span class='ocrx_word' id='word_1_202' title='bbox 54 1824 232 1883; x_wconf 81' lang='grc' dir='ltr'><strong><em>Μόψου</em></strong></span> <span class='ocrx_word' id='word_1_203' title='bbox 278 1829 554 1884; x_wconf 77' lang='grc' dir='ltr'><em>καλουμένην</em></span> <span class='ocrx_word' id='word_1_204' title='bbox 609 1829 827 1886; x_wconf 80' lang='grc' dir='ltr'><em>μαντικὴν</em></span> <span class='ocrx_word' id='word_1_205' title='bbox 884 1829 1100 1883; x_wconf 77' lang='grc' dir='ltr'><em>συντάξαι</em></span> <span class='ocrx_word' id='word_1_206' title='bbox 1158 1828 1235 1872; x_wconf 80' lang='grc' dir='ltr'><strong>τὸν</strong></span> <span class='ocrx_word' id='word_1_207' title='bbox 1278 1831 1537 1888; x_wconf 80' lang='grc' dir='ltr'><em>Κυρηναῖον</em></span> 
     </span>
     <span class='ocr_line' id='line_1_25' title="bbox 53 1895 247 1942; baseline 0.01 -2"><span class='ocrx_word' id='word_1_208' title='bbox 53 1895 247 1942; x_wconf 84' lang='grc' dir='ltr'><em>Βάττον.</em></span> 
     </span>
    </p>

    <p class='ocr_par' dir='ltr' id='par_1_5' title="bbox 50 1972 1535 2454">
     <span class='ocr_line' id='line_1_26' title="bbox 166 1972 1532 2028; baseline 0.004 -16"><span class='ocrx_word' id='word_1_209' title='bbox 166 1974 284 2024; x_wconf 74' lang='lat' dir='ltr'><strong>Quae</strong></span> <span class='ocrx_word' id='word_1_210' title='bbox 325 1985 374 2012; x_wconf 81' lang='lat' dir='ltr'><strong>ex</strong></span> <span class='ocrx_word' id='word_1_211' title='bbox 405 1972 609 2014; x_wconf 88' lang='lat' dir='ltr'><strong>Pausania</strong></span> <span class='ocrx_word' id='word_1_212' title='bbox 649 1978 691 2014; x_wconf 88' lang='lat' dir='ltr'><strong>et</strong></span> <span class='ocrx_word' id='word_1_213' title='bbox 722 1974 1002 2028; x_wconf 89' lang='lat' dir='ltr'><strong>Theopompo</strong></span> <span class='ocrx_word' id='word_1_214' title='bbox 1043 1976 1278 2016; x_wconf 90' lang='lat' dir='ltr'><strong>rettulimus</strong></span> <span class='ocrx_word' id='word_1_215' title='bbox 1320 1977 1419 2016; x_wconf 87' lang='lat' dir='ltr'><strong>satis</strong></span> <span class='ocrx_word' id='word_1_216' title='bbox 1459 1977 1532 2019; x_wconf 88' lang='lat' dir='ltr'><strong>do-</strong></span> 
     </span>
     <span class='ocr_line' id='line_1_27' title="bbox 51 2044 1535 2090; baseline 0.004 -6"><span class='ocrx_word' id='word_1_217' title='bbox 51 2047 147 2085; x_wconf 89' lang='lat' dir='ltr'><strong>cent</strong></span> <span class='ocrx_word' id='word_1_218' title='bbox 176 2044 440 2085; x_wconf 90' lang='lat' dir='ltr'><strong>Phormionis</strong></span> <span class='ocrx_word' id='word_1_219' title='bbox 469 2045 594 2085; x_wconf 89' lang='lat' dir='ltr'><strong>vitam</strong></span> <span class='ocrx_word' id='word_1_220' title='bbox 625 2046 834 2087; x_wconf 89' lang='lat' dir='ltr'><strong>miraculis</strong></span> <span class='ocrx_word' id='word_1_221' title='bbox 865 2047 995 2087; x_wconf 83' lang='lat' dir='ltr'><strong>fuisse</strong></span> <span class='ocrx_word' id='word_1_222' title='bbox 1025 2047 1238 2088; x_wconf 83' lang='lat' dir='ltr'><strong>refertam.</strong></span> <span class='ocrx_word' id='word_1_223' title='bbox 1297 2048 1410 2088; x_wconf 89' lang='lat' dir='ltr'><strong>Hinc</strong></span> <span class='ocrx_word' id='word_1_224' title='bbox 1440 2061 1535 2090; x_wconf 91' lang='lat' dir='ltr'><strong>eum</strong></span> 
     </span>
     <span class='ocr_line' id='line_1_28' title="bbox 50 2115 1532 2169; baseline 0.003 -14"><span class='ocrx_word' id='word_1_225' title='bbox 50 2115 300 2169; x_wconf 85' lang='lat' dir='ltr'><strong>Epimenide</strong></span> <span class='ocrx_word' id='word_1_226' title='bbox 331 2120 372 2155; x_wconf 87' lang='lat' dir='ltr'><strong>et</strong></span> <span class='ocrx_word' id='word_1_227' title='bbox 402 2116 660 2168; x_wconf 82' lang='lat' dir='ltr'><strong>Empedocle</strong></span> <span class='ocrx_word' id='word_1_228' title='bbox 691 2130 785 2157; x_wconf 89' lang='lat' dir='ltr'><strong>eum</strong></span> <span class='ocrx_word' id='word_1_229' title='bbox 817 2119 1028 2158; x_wconf 75' lang='lat' dir='ltr'><strong>coniunxit</strong></span> <span class='ocrx_word' id='word_1_230' title='bbox 1046 2119 1256 2167; x_wconf 86' lang='lat' dir='ltr'><strong>Clemens,</strong></span> <span class='ocrx_word' id='word_1_231' title='bbox 1289 2123 1331 2158; x_wconf 87' lang='lat' dir='ltr'><strong>et</strong></span> <span class='ocrx_word' id='word_1_232' title='bbox 1360 2120 1403 2159; x_wconf 90' lang='lat' dir='ltr'><strong>in</strong></span> <span class='ocrx_word' id='word_1_233' title='bbox 1425 2121 1532 2160; x_wconf 91' lang='lat' dir='ltr'><strong>Tro-</strong></span> 
     </span>
     <span class='ocr_line' id='line_1_29' title="bbox 50 2186 1532 2244; baseline 0.004 -19"><span class='ocrx_word' id='word_1_234' title='bbox 50 2186 220 2238; x_wconf 87' lang='lat' dir='ltr'><strong>phonio,</strong></span> <span class='ocrx_word' id='word_1_235' title='bbox 252 2187 368 2227; x_wconf 88' lang='lat' dir='ltr'><strong>cuius</strong></span> <span class='ocrx_word' id='word_1_236' title='bbox 390 2186 556 2227; x_wconf 82' lang='lat' dir='ltr'><strong>fabulae</strong></span> <span class='ocrx_word' id='word_1_237' title='bbox 587 2195 877 2241; x_wconf 84' lang='lat' dir='ltr'><strong>argumentum</strong></span> <span class='ocrx_word' id='word_1_238' title='bbox 906 2190 958 2229; x_wconf 89' lang='lat' dir='ltr'><strong>ad</strong></span> <span class='ocrx_word' id='word_1_239' title='bbox 988 2195 1127 2229; x_wconf 86' lang='lat' dir='ltr'><strong>vatum</strong></span> <span class='ocrx_word' id='word_1_240' title='bbox 1158 2190 1404 2243; x_wconf 87' lang='lat' dir='ltr'><strong>praestigias</strong></span> <span class='ocrx_word' id='word_1_241' title='bbox 1435 2204 1532 2244; x_wconf 90' lang='lat' dir='ltr'><strong>spe-</strong></span> 
     </span>
     <span class='ocr_line' id='line_1_30' title="bbox 52 2257 1532 2311; baseline 0.005 -15"><span class='ocrx_word' id='word_1_242' title='bbox 52 2257 209 2305; x_wconf 83' lang='lat' dir='ltr'><strong>ctabat,</strong></span> <span class='ocrx_word' id='word_1_243' title='bbox 244 2257 405 2296; x_wconf 79' lang='lat' dir='ltr'><strong>induxit</strong></span> <span class='ocrx_word' id='word_1_244' title='bbox 447 2258 665 2308; x_wconf 87' lang='lat' dir='ltr'><strong>Cratinus,</strong></span> <span class='ocrx_word' id='word_1_245' title='bbox 710 2259 821 2311; x_wconf 86' lang='lat' dir='ltr'><strong>quod</strong></span> <span class='ocrx_word' id='word_1_246' title='bbox 862 2272 942 2311; x_wconf 87' lang='lat' dir='ltr'><strong>qua</strong></span> <span class='ocrx_word' id='word_1_247' title='bbox 987 2262 1150 2301; x_wconf 89' lang='lat' dir='ltr'><strong>ratione</strong></span> <span class='ocrx_word' id='word_1_248' title='bbox 1188 2262 1416 2300; x_wconf 88' lang='lat' dir='ltr'><strong>instituerit</strong></span> <span class='ocrx_word' id='word_1_249' title='bbox 1453 2262 1532 2303; x_wconf 87' lang='lat' dir='ltr'><strong>etsi</strong></span> 
     </span>
     <span class='ocr_line' id='line_1_31' title="bbox 52 2327 1531 2384; baseline 0.004 -18"><span class='ocrx_word' id='word_1_250' title='bbox 52 2327 273 2367; x_wconf 88' lang='lat' dir='ltr'><strong>obscurum</strong></span> <span class='ocrx_word' id='word_1_251' title='bbox 303 2331 386 2376; x_wconf 88' lang='lat' dir='ltr'><strong>est,</strong></span> <span class='ocrx_word' id='word_1_252' title='bbox 426 2327 540 2368; x_wconf 85' lang='lat' dir='ltr'><strong>haud</strong></span> <span class='ocrx_word' id='word_1_253' title='bbox 569 2328 711 2382; x_wconf 88' lang='lat' dir='ltr'><strong>inepte</strong></span> <span class='ocrx_word' id='word_1_254' title='bbox 741 2334 906 2378; x_wconf 88' lang='lat' dir='ltr'><strong>tamen,</strong></span> <span class='ocrx_word' id='word_1_255' title='bbox 946 2335 992 2370; x_wconf 91' lang='lat' dir='ltr'><strong>ut</strong></span> <span class='ocrx_word' id='word_1_256' title='bbox 1022 2331 1125 2370; x_wconf 87' lang='lat' dir='ltr'><strong>mihi</strong></span> <span class='ocrx_word' id='word_1_257' title='bbox 1155 2332 1320 2384; x_wconf 90' lang='lat' dir='ltr'><strong>quidem</strong></span> <span class='ocrx_word' id='word_1_258' title='bbox 1351 2332 1531 2383; x_wconf 84' lang='lat' dir='ltr'><strong>videtur,</strong></span> 
     </span>
     <span class='ocr_line' id='line_1_32' title="bbox 52 2397 1530 2454; baseline 0.005 -16"><span class='ocrx_word' id='word_1_259' title='bbox 52 2397 298 2451; x_wconf 89' lang='lat' dir='ltr'><strong>suspiceris,</strong></span> <span class='ocrx_word' id='word_1_260' title='bbox 347 2399 547 2451; x_wconf 81' lang='lat' dir='ltr'><strong>quosdam</strong></span> <span class='ocrx_word' id='word_1_261' title='bbox 586 2400 780 2453; x_wconf 80' lang='lat' dir='ltr'><strong>anonymi</strong></span> <span class='ocrx_word' id='word_1_262' title='bbox 817 2405 970 2454; x_wconf 90' lang='lat' dir='ltr'><strong>poetae</strong></span> <span class='ocrx_word' id='word_1_263' title='bbox 1013 2415 1160 2443; x_wconf 78' lang='lat' dir='ltr'><strong>versus</strong></span> <span class='ocrx_word' id='word_1_264' title='bbox 1199 2402 1334 2443; x_wconf 89' lang='lat' dir='ltr'><strong>eidem</strong></span> <span class='ocrx_word' id='word_1_265' title='bbox 1374 2405 1530 2446; x_wconf 86' lang='lat' dir='ltr'><strong>Cratini</strong></span> 
     </span>
    </p>
   </div>
   <div class='ocr_carea' id='block_1_5' title="bbox 47 2516 316 2526">
    <p class='ocr_par' dir='ltr' id='par_1_6' title="bbox 47 2516 316 2526">
     <span class='ocr_line' id='line_1_33' title="bbox 47 2516 316 2526; baseline 0 638"><span class='ocrx_word' id='word_1_266' title='bbox 47 2516 316 2526; x_wconf 95' lang='lat' dir='ltr'><strong> </strong></span> 
     </span>
    </p>
   </div>
   <div class='ocr_carea' id='block_1_6' title="bbox 49 2588 1528 2754">
    <p class='ocr_par' dir='ltr' id='par_1_7' title="bbox 49 2588 1528 2754">
     <span class='ocr_line' id='line_1_34' title="bbox 49 2588 1528 2638; baseline 0.003 -15"><span class='ocrx_word' id='word_1_267' title='bbox 49 2588 175 2634; x_wconf 88' lang='lat' dir='ltr'><strong>quibus</strong></span> <span class='ocrx_word' id='word_1_268' title='bbox 213 2588 376 2634; x_wconf 88' lang='lat' dir='ltr'><strong>silphium</strong></span> <span class='ocrx_word' id='word_1_269' title='bbox 417 2589 525 2624; x_wconf 85' lang='lat' dir='ltr'><strong>stellis</strong></span> <span class='ocrx_word' id='word_1_270' title='bbox 557 2589 810 2625; x_wconf 84' lang='lat' dir='ltr'><strong>Dioscurorum</strong></span> <span class='ocrx_word' id='word_1_271' title='bbox 843 2590 996 2626; x_wconf 81' lang='lat' dir='ltr'><strong>additum</strong></span> <span class='ocrx_word' id='word_1_272' title='bbox 1028 2591 1251 2637; x_wconf 85' lang='lat' dir='ltr'><strong>conspicitur.</strong></span> <span class='ocrx_word' id='word_1_273' title='bbox 1316 2591 1406 2627; x_wconf 88' lang='lat' dir='ltr'><strong>Vide</strong></span> <span class='ocrx_word' id='word_1_274' title='bbox 1440 2603 1528 2638; x_wconf 89' lang='lat' dir='ltr'><strong>quos</strong></span> 
     </span>
     <span class='ocr_line' id='line_1_35' title="bbox 49 2650 1527 2697; baseline 0.004 -14"><span class='ocrx_word' id='word_1_275' title='bbox 49 2650 167 2684; x_wconf 80' lang='lat' dir='ltr'><strong>laudat</strong></span> <span class='ocrx_word' id='word_1_276' title='bbox 199 2650 436 2684; x_wconf 84' lang='lat' dir='ltr'><strong>Bernhardius</strong></span> <span class='ocrx_word' id='word_1_277' title='bbox 468 2651 559 2695; x_wconf 88' lang='lat' dir='ltr'><strong>apud</strong></span> <span class='ocrx_word' id='word_1_278' title='bbox 590 2651 809 2685; x_wconf 84' lang='lat' dir='ltr'><strong>Boeckhium</strong></span> <span class='ocrx_word' id='word_1_279' title='bbox 847 2652 890 2685; x_wconf 86' lang='lat' dir='ltr'><strong>ad</strong></span> <span class='ocrx_word' id='word_1_280' title='bbox 915 2652 1055 2687; x_wconf 90' lang='lat' dir='ltr'><strong>Pindar.</strong></span> <span class='ocrx_word' id='word_1_281' title='bbox 1079 2665 1113 2697; x_wconf 88' lang='lat' dir='ltr'><strong>p.</strong></span> <span class='ocrx_word' id='word_1_282' title='bbox 1138 2653 1218 2688; x_wconf 83' lang='lat'><strong>284.</strong></span> <span class='ocrx_word' id='word_1_283' title='bbox 1273 2652 1527 2689; x_wconf 86' lang='lat' dir='ltr'><strong>Dioscurorum</strong></span> 
     </span>
     <span class='ocr_line' id='line_1_36' title="bbox 51 2709 1526 2754; baseline 0.005 -12"><span class='ocrx_word' id='word_1_284' title='bbox 51 2718 150 2743; x_wconf 83' lang='lat' dir='ltr'><strong>saera</strong></span> <span class='ocrx_word' id='word_1_285' title='bbox 178 2709 249 2744; x_wconf 86' lang='lat' dir='ltr'><strong>iam</strong></span> <span class='ocrx_word' id='word_1_286' title='bbox 270 2721 292 2745; x_wconf 85' lang='lat' dir='ltr'><strong>a</strong></span> <span class='ocrx_word' id='word_1_287' title='bbox 317 2711 498 2745; x_wconf 82' lang='lat' dir='ltr'><strong>conditore</strong></span> <span class='ocrx_word' id='word_1_288' title='bbox 531 2712 632 2746; x_wconf 88' lang='lat' dir='ltr'><strong>Batto</strong></span> <span class='ocrx_word' id='word_1_289' title='bbox 658 2711 815 2754; x_wconf 81' lang='lat' dir='ltr'><strong>Cyrenas</strong></span> <span class='ocrx_word' id='word_1_290' title='bbox 852 2715 1017 2748; x_wconf 81' lang='lat' dir='ltr'><strong>translata</strong></span> <span class='ocrx_word' id='word_1_291' title='bbox 1051 2725 1128 2749; x_wconf 87' lang='lat' dir='ltr'><strong>esse</strong></span> <span class='ocrx_word' id='word_1_292' title='bbox 1162 2713 1268 2749; x_wconf 83' lang='lat' dir='ltr'><strong>tradit</strong></span> <span class='ocrx_word' id='word_1_293' title='bbox 1291 2713 1399 2749; x_wconf 86' lang='lat' dir='ltr'><strong>schol.</strong></span> <span class='ocrx_word' id='word_1_294' title='bbox 1423 2715 1526 2750; x_wconf 85' lang='lat' dir='ltr'><strong>Pind.</strong></span> 
     </span>
    </p>
   </div>
   <div class='ocr_carea' id='block_1_7' title="bbox 48 2767 928 2820">
    <p class='ocr_par' dir='ltr' id='par_1_8' title="bbox 48 2767 928 2820">
     <span class='ocr_line' id='line_1_37' title="bbox 48 2767 928 2820; baseline 0.007 -18"><span class='ocrx_word' id='word_1_295' title='bbox 48 2767 150 2811; x_wconf 82' lang='lat' dir='ltr'><strong>Pyth.</strong></span> <span class='ocrx_word' id='word_1_296' title='bbox 174 2770 204 2805; x_wconf 83' lang='lat' dir='ltr'>V</span> <span class='ocrx_word' id='word_1_297' title='bbox 224 2772 259 2807; x_wconf 85' lang='grc'><strong>6.</strong></span> <span class='ocrx_word' id='word_1_298' title='bbox 308 2771 372 2806; x_wconf 85' lang='lat' dir='ltr'><strong>Cfr</strong></span> <span class='ocrx_word' id='word_1_299' title='bbox 396 2772 532 2816; x_wconf 87' lang='lat' dir='ltr'><strong>Thrige</strong></span> <span class='ocrx_word' id='word_1_300' title='bbox 557 2773 603 2807; x_wconf 88' lang='lat' dir='ltr'><strong>de</strong></span> <span class='ocrx_word' id='word_1_301' title='bbox 629 2772 757 2816; x_wconf 85' lang='lat' dir='ltr'><strong>Cyren.</strong></span> <span class='ocrx_word' id='word_1_302' title='bbox 783 2785 818 2820; x_wconf 81' lang='lat' dir='ltr'><strong>p.</strong></span> <span class='ocrx_word' id='word_1_303' title='bbox 845 2774 928 2809; x_wconf 76' lang='lat'><strong>290.</strong></span> 
     </span>
    </p>
   </div>
  </div>
 </body>
</html>
