1716 3158
245 185 265 223 1
274 184 352 224 140
766 181 1174 225 AR·ISTOP11ANIS

933 292 1003 333 IX.

356 375 650 415 Grammaticus
687 377 729 415 in
770 375 945 415 Bekkeri
983 375 1138 416 Anecd.
1171 377 1187 416 Ι
1225 389 1264 429 p.
1294 377 1373 416 411
1407 379 1481 418 17:
1526 373 1686 418 Ἀντ-

247 441 618 497 λιαντλητῆρα
659 469 712 475 -
748 439 1076 521 Ἀριστοφάνης
1114 443 1160 483 δὲ
1189 443 1422 498 Προαγῶνι
1460 447 1534 487 καὶ
1559 443 1687 487 Ἐπί-

246 513 369 561 λυκος
399 509 668 571 Κωραλίσκω
695 510 745 552 τὸ
775 509 883 553 αὐτὸ
912 510 1041 553 τοῦτο
1069 508 1247 555 άντλίον
1274 510 1538 564 κεκλήκασιν.

944 623 996 663 X.

357 707 584 747 Scholiasta
613 706 788 748 Vindob.
831 706 998 745 Luciani
1034 706 1147 747 Alex.
1188 720 1222 749 c.
1254 708 1301 748 4:
1346 704 1579 756 Ὡσαύτως
1615 708 1689 748 καὶ

250 772 517 830 Φρυνώνδας
545 774 616 815 ἐπὶ
653 770 888 829 πονηρίᾳ
924 771 1082 826 βοᾶται
1111 771 1323 816 Εὐπόλιδι
1351 776 1397 817 ἐν
1424 775 1688 832 Ἀστρατεύ-

244 859 345 896 τοις,
376 841 548 898 Δήμοις,
575 839 891 898 Ἀριστοφάνει
919 842 964 882 δὲ
991 843 1238 898 Προαγῶνι.

472 1115 745 1158 ΣΚΗΝΑΣ
786 1115 1284 1158 ΚΛΤΑΛΑΜΒΑΝΟ
1298 1117 1452 1158 ΥΣΑΙ.

351 1259 509 1300 Nomen
541 1260 776 1301 comoediae
806 1273 999 1312 quorsum
1029 1264 1186 1312 spectet
1214 1272 1294 1301 non
1323 1259 1444 1301 facile
1473 1260 1674 1313 indagave

239 1329 316 1369 ris:
355 1341 404 1368 ea
434 1332 569 1378 certe,
609 1342 713 1381 quae
742 1331 1004 1375 Casaubonus
1041 1330 1091 1368 ad
1122 1330 1375 1370 Athenaeum
1406 1331 1463 1371 IV
1490 1331 1545 1369 20
1575 1331 1685 1378 dicit,

237 1398 500 1449 improbanda
535 1402 641 1438 sunt.
699 1400 758 1438 Ac
795 1399 894 1438 mihi
924 1399 1086 1450 quidem
1117 1398 1278 1438 videtur
1319 1404 1440 1450 poeta
1476 1399 1531 1439 ita
1570 1399 1686 1439 insti-

238 1467 392 1515 tuisse,
430 1470 475 1506 ut
513 1467 739 1515 mulieres,
769 1468 914 1518 quibus
953 1480 1034 1507 non
1068 1467 1183 1506 licuit
1218 1469 1447 1508 comoedias
1485 1472 1685 1520 spectare,

238 1536 358 1575 sedes
387 1536 535 1574 theatri
552 1540 898 1587 praeoccuparent
921 1539 1135 1587 antequam
1153 1536 1227 1575 viri
1255 1537 1486 1577 intrassent.
1528 1538 1685 1577 Eodem

237 1616 407 1657 prorsus
437 1616 559 1644 sensu
588 1605 739 1668 legitur
766 1604 807 1643 in
839 1604 945 1644 Pace
974 1618 1011 1644 v.
1041 1605 1144 1644 880:

297 1671 385 1712 ΤΡ,
426 1662 561 1719 Οὗτος
590 1669 633 1711 τί
661 1668 956 1726 περιγρά([εις;
1001 1667 1217 1713 01Κ.Τὸ
1248 1628 1356 1711 δεῖν’
1362 1666 1460 1723 ,εἰς
1480 1667 1658 1727 Ἴσθμα

292 1753 456 1790 σκηνην
484 1739 675 1793 ἐμαυτοῦ
704 1738 762 1780 τῶ
789 1741 880 1781 πέει
908 1736 1247 1793 καταλαμβάνω.

237 1813 306 1853 ubi
345 1812 586 1852 scholiasta:
645 1808 699 1850 Οἱ
736 1809 818 1866 γὰρ
856 1809 1061 1858 θέλοντες
1099 1809 1283 1862 θεωρεῖν
1319 1808 1686 1864 προκαταλαμβά-

236 1891 387 1920 νουσιν
417 1877 583 1926 ἑαυτοῖς
612 1875 785 1927 τόπους,
843 1886 886 1920 et
913 1882 954 1921 in
984 1882 1278 1922 Ecclesiazusis
1293 1894 1331 1921 v.
1348 1881 1398 1920 21
1432 1881 1531 1920 dixit
1559 1879 1684 1935 ἔδρας

235 1945 590 2001 καταλαμβάνειν
630 1949 682 1989 de
721 1949 959 1990 mulieribus
998 1950 1118 1990 sedes
1160 1949 1200 1989 in
1242 1948 1334 1989 foro
1381 1952 1684 2002 occupantibus,

236 2021 470 2073 priusquam
500 2018 575 2058 viri
603 2019 892 2058 convenirent:

351 2081 448 2126 Καὶ
475 2097 543 2125 τοι
570 2082 676 2138 πρὸς
704 2081 874 2139 ὄρθρον
900 2082 946 2136 γ’
977 2082 1116 2125 ἐστίν·
1146 2081 1171 2134 ἡ
1203 2081 1248 2123 δ’
1277 2082 1479 2133 ἐκκλησία

347 2151 505 2195 αὐτίκα
534 2149 637 2207 μάλ’
670 2150 811 2193 ἔσται·
841 2153 1105 2206 καταλαβεῖν
1134 2150 1183 2192 δ’
1215 2149 1328 2206 ἡμᾶς
1357 2151 1498 2208 ἕδρας,

345 2220 397 2272 ἃς
430 2219 694 2277 Φυρόμαχός
723 2218 823 2263 ποτ’
855 2213 984 2273 εἶπεν,
1013 2217 1054 2262 εἰ
1077 2218 1308 2277 μέμνησθ’
1340 2219 1416 2273 ἔτι,

346 2291 416 2333 δεῖ
438 2290 516 2341 τὰς
547 2290 691 2346 ἑτέρας
719 2306 808 2340 πως
834 2287 1214 2347 κάγκαθεζομένας
1241 2290 1417 2333 λαθεῖν,

237 2366 279 2403 et
306 2376 448 2404 rursus
479 2377 516 2404 v.
546 2364 626 2403 86:

347 2428 419 2481 Νὴ
450 2427 528 2471 τόν
556 2427 644 2482 Δί’,
672 2424 782 2471 ὥστε
810 2429 881 2470 δεῖ
903 2443 950 2470 σε
979 2429 1244 2482 καταλαβεῖν
1272 2427 1399 2483 ἕδρας

343 2495 429 2540 ὑπὸ
458 2498 517 2555 τῷ
544 2497 661 2554 λίθῳ
689 2497 776 2539 τῶν
804 2495 1054 2553 πρυτάνεων
1080 2496 1351 2552 καταντικρύ.

235 2569 354 2619 Quod
369 2569 663 2622 Aristophanes
693 2565 852 2618 σκηνὰς
873 2563 1228 2622 καταλαμβάνειν
1257 2569 1368 2616 dixit,
1398 2563 1515 2605 θέαν
1541 2576 1676 2603 κατα-

230 2633 382 2688 λαβεῖν
408 2643 527 2678 vocat
563 2639 762 2679 Aristides
798 2639 888 2679 loco
924 2639 1021 2679 satis
1053 2638 1226 2691 eleganti
1263 2638 1303 2678 in
1332 2634 1627 2676 Panathenaico
1658 2634 1677 2675 1

228 2718 269 2758 p.
299 2706 381 2747 163
409 2707 474 2748 ed.
506 2707 714 2748 Dindorf.:
750 2704 802 2747 Οἱ
836 2707 917 2761 μὲν
952 2703 1037 2761 γάρ
1071 2703 1196 2747 ἄλλοι
1222 2699 1366 2758 ὥσπερ
1396 2702 1514 2744 θέαν
1541 2715 1676 2743 κατα-
