<?xml version="1.0" encoding="UTF-8"?>
<!DOCTYPE html PUBLIC "-//W3C//DTD XHTML 1.0 Transitional//EN"
    "http://www.w3.org/TR/xhtml1/DTD/xhtml1-transitional.dtd">
<html xmlns="http://www.w3.org/1999/xhtml" xml:lang="en" lang="en">
 <head>
  <title>
</title>
<meta http-equiv="Content-Type" content="text/html;charset=utf-8" />
  <meta name='ocr-system' content='tesseract 3.04.00' />
  <meta name='ocr-capabilities' content='ocr_page ocr_carea ocr_par ocr_line ocrx_word'/>
</head>
<body>
  <div class='ocr_page' id='page_1' title='image "./fragmentacomicor02meinuoft_0437.png"; bbox 0 0 1716 3164; ppageno 0'>
   <div class='ocr_carea' id='block_1_1' title="bbox 1 161 1557 244">
    <p class='ocr_par' dir='ltr' id='par_1_1' title="bbox 1 161 1557 244">
     <span class='ocr_line' id='line_1_1' title="bbox 1 161 1557 244; baseline 0.001 -41"><span class='ocrx_word' id='word_1_1' title='bbox 1 205 3 244; x_wconf 60' lang='grc'>1</span> <span class='ocrx_word' id='word_1_2' title='bbox 631 161 740 204; x_wconf 90' lang='grc' dir='ltr'><strong>ΔΑΙ</strong></span> <span class='ocrx_word' id='word_1_3' title='bbox 747 161 990 206; x_wconf 86' lang='grc' dir='ltr'><em>ΤΑΛΕΙΣ.</em></span> <span class='ocrx_word' id='word_1_4' title='bbox 1446 163 1557 205; x_wconf 75' lang='grc'><strong>1035</strong></span> 
     </span>
    </p>
   </div>
   <div class='ocr_carea' id='block_1_2' title="bbox 0 265 1581 2802">
    <p class='ocr_par' dir='ltr' id='par_1_2' title="bbox 0 265 1558 472">
     <span class='ocr_line' id='line_1_2' title="bbox 0 265 1557 331; baseline -0.002 -9"><span class='ocrx_word' id='word_1_5' title='bbox 0 265 2 327; x_wconf 54' lang='lat' dir='ltr'><strong>l</strong></span> <span class='ocrx_word' id='word_1_6' title='bbox 83 282 191 322; x_wconf 79' lang='lat' dir='ltr'><strong>sium</strong></span> <span class='ocrx_word' id='word_1_7' title='bbox 220 278 371 326; x_wconf 87' lang='lat' dir='ltr'><strong>locum,</strong></span> <span class='ocrx_word' id='word_1_8' title='bbox 402 289 479 318; x_wconf 87' lang='lat' dir='ltr'><strong>nec</strong></span> <span class='ocrx_word' id='word_1_9' title='bbox 496 277 823 319; x_wconf 80' lang='lat' dir='ltr'><strong>Acharnensium</strong></span> <span class='ocrx_word' id='word_1_10' title='bbox 855 278 1111 319; x_wconf 83' lang='lat' dir='ltr'><strong>vexationem</strong></span> <span class='ocrx_word' id='word_1_11' title='bbox 1144 275 1278 329; x_wconf 85' lang='lat' dir='ltr'><strong>potuit</strong></span> <span class='ocrx_word' id='word_1_12' title='bbox 1307 276 1557 331; x_wconf 83' lang='lat' dir='ltr'><strong>intelligere.</strong></span> 
     </span>
     <span class='ocr_line' id='line_1_3' title="bbox 82 348 1558 402; baseline -0.001 -11"><span class='ocrx_word' id='word_1_13' title='bbox 82 352 242 392; x_wconf 78' lang='lat' dir='ltr'>Rursus</span> <span class='ocrx_word' id='word_1_14' title='bbox 273 348 460 393; x_wconf 74' lang='lat' dir='ltr'><strong>eundem.</strong></span> <span class='ocrx_word' id='word_1_15' title='bbox 481 349 691 389; x_wconf 88' lang='lat' dir='ltr'><strong>hominem</strong></span> <span class='ocrx_word' id='word_1_16' title='bbox 724 351 842 402; x_wconf 85' lang='lat' dir='ltr'><strong>petiit</strong></span> <span class='ocrx_word' id='word_1_17' title='bbox 882 350 920 388; x_wconf 85' lang='lat' dir='ltr'><strong>in</strong></span> <span class='ocrx_word' id='word_1_18' title='bbox 955 349 1102 400; x_wconf 83' lang='lat' dir='ltr'><strong>Vespis</strong></span> <span class='ocrx_word' id='word_1_19' title='bbox 1133 361 1170 387; x_wconf 91' lang='lat' dir='ltr'><strong>v.</strong></span> <span class='ocrx_word' id='word_1_20' title='bbox 1201 348 1285 387; x_wconf 80' lang='lat'><strong>787</strong></span> <span class='ocrx_word' id='word_1_21' title='bbox 1317 360 1404 400; x_wconf 86' lang='lat' dir='ltr'><strong>sqq.</strong></span> <span class='ocrx_word' id='word_1_22' title='bbox 1447 349 1558 389; x_wconf 73' lang='lat'>1302</span> 
     </span>
     <span class='ocr_line' id='line_1_4' title="bbox 76 418 1558 472; baseline -0.002 -11"><span class='ocrx_word' id='word_1_23' title='bbox 76 427 125 461; x_wconf 78' lang='lat' dir='ltr'><strong>et</strong></span> <span class='ocrx_word' id='word_1_24' title='bbox 157 419 282 460; x_wconf 81' lang='lat'>1308.</span> <span class='ocrx_word' id='word_1_25' title='bbox 314 419 425 459; x_wconf 88' lang='lat' dir='ltr'><strong>unde</strong></span> <span class='ocrx_word' id='word_1_26' title='bbox 455 420 640 472; x_wconf 80' lang='lat' dir='ltr'><strong>colligas,</strong></span> <span class='ocrx_word' id='word_1_27' title='bbox 670 420 768 459; x_wconf 88' lang='lat' dir='ltr'><strong>satis</strong></span> <span class='ocrx_word' id='word_1_28' title='bbox 799 420 965 459; x_wconf 79' lang='lat' dir='ltr'>celebre</span> <span class='ocrx_word' id='word_1_29' title='bbox 993 424 1093 458; x_wconf 88' lang='lat' dir='ltr'><strong>tunc</strong></span> <span class='ocrx_word' id='word_1_30' title='bbox 1125 418 1299 458; x_wconf 78' lang='lat' dir='ltr'><strong>Athenis</strong></span> <span class='ocrx_word' id='word_1_31' title='bbox 1327 418 1460 459; x_wconf 87' lang='lat' dir='ltr'><strong>fnisse</strong></span> <span class='ocrx_word' id='word_1_32' title='bbox 1477 419 1558 472; x_wconf 80' lang='lat' dir='ltr'><strong>Ly-</strong></span> 
     </span>
    </p>

    <p class='ocr_par' dir='ltr' id='par_1_3' title="bbox 36 482 1574 2031">
     <span class='ocr_line' id='line_1_5' title="bbox 36 482 1561 542; baseline -0.003 -11"><span class='ocrx_word' id='word_1_33' title='bbox 36 482 37 485; x_wconf 21' lang='lat'><em>*</em></span> <span class='ocrx_word' id='word_1_34' title='bbox 83 491 236 531; x_wconf 83' lang='lat' dir='ltr'><strong>sistrati</strong></span> <span class='ocrx_word' id='word_1_35' title='bbox 267 503 432 530; x_wconf 89' lang='lat' dir='ltr'><strong>nomen.</strong></span> <span class='ocrx_word' id='word_1_36' title='bbox 491 515 546 522; x_wconf 89' lang='lat'><strong>——-</strong></span> <span class='ocrx_word' id='word_1_37' title='bbox 606 491 676 531; x_wconf 82' lang='lat' dir='ltr'><strong>Vs.</strong></span> <span class='ocrx_word' id='word_1_38' title='bbox 708 490 735 528; x_wconf 84' lang='lat'><strong>3</strong></span> <span class='ocrx_word' id='word_1_39' title='bbox 768 490 1008 542; x_wconf 85' lang='lat' dir='ltr'><strong>legebatur:</strong></span> <span class='ocrx_word' id='word_1_40' title='bbox 1047 484 1173 540; x_wconf 74' lang='grc' dir='ltr'><em>ἡμῶν</em></span> <span class='ocrx_word' id='word_1_41' title='bbox 1203 485 1307 534; x_wconf 76' lang='grc' dir='ltr'><em>ἴσως</em></span> <span class='ocrx_word' id='word_1_42' title='bbox 1338 484 1390 527; x_wconf 85' lang='grc' dir='ltr'><strong>οὐ</strong></span> <span class='ocrx_word' id='word_1_43' title='bbox 1419 502 1561 528; x_wconf 82' lang='grc' dir='ltr'><em>κατα-</em></span> 
     </span>
     <span class='ocr_line' id='line_1_6' title="bbox 83 547 1560 616; baseline -0.003 -15"><span class='ocrx_word' id='word_1_44' title='bbox 83 556 300 612; x_wconf 71' lang='grc' dir='ltr'><em>πληγήσει</em></span> <span class='ocrx_word' id='word_1_45' title='bbox 323 558 384 616; x_wconf 78' lang='grc' dir='ltr'><em>τῷ</em></span> <span class='ocrx_word' id='word_1_46' title='bbox 407 554 573 614; x_wconf 81' lang='grc' dir='ltr'><em>χρόνῳ,</em></span> <span class='ocrx_word' id='word_1_47' title='bbox 618 559 727 599; x_wconf 93' lang='lat' dir='ltr'><strong>unde</strong></span> <span class='ocrx_word' id='word_1_48' title='bbox 762 561 994 598; x_wconf 83' lang='lat' dir='ltr'><strong>Porsonus:</strong></span> <span class='ocrx_word' id='word_1_49' title='bbox 1031 547 1059 607; x_wconf 75' lang='grc' dir='ltr'><strong><em>ἦ</em></strong></span> <span class='ocrx_word' id='word_1_50' title='bbox 1089 554 1200 610; x_wconf 81' lang='grc' dir='ltr'><strong>μὴν</strong></span> <span class='ocrx_word' id='word_1_51' title='bbox 1230 555 1334 604; x_wconf 78' lang='grc' dir='ltr'><em>ἴσως</em></span> <span class='ocrx_word' id='word_1_52' title='bbox 1369 556 1431 597; x_wconf 83' lang='grc' dir='ltr'><strong>σὺ</strong></span> <span class='ocrx_word' id='word_1_53' title='bbox 1460 572 1560 598; x_wconf 85' lang='grc' dir='ltr'><em>κα-</em></span> 
     </span>
     <span class='ocr_line' id='line_1_7' title="bbox 84 624 1561 684; baseline -0.001 -13"><span class='ocrx_word' id='word_1_54' title='bbox 84 626 439 684; x_wconf 78' lang='grc' dir='ltr'><em>ταπλαγήσει</em></span> <span class='ocrx_word' id='word_1_55' title='bbox 477 628 539 684; x_wconf 76' lang='grc' dir='ltr'><em>τῳ</em></span> <span class='ocrx_word' id='word_1_56' title='bbox 570 624 728 684; x_wconf 78' lang='grc' dir='ltr'><em>χρόνῳ.</em></span> <span class='ocrx_word' id='word_1_57' title='bbox 789 630 920 669; x_wconf 80' lang='lat' dir='ltr'>Recte</span> <span class='ocrx_word' id='word_1_58' title='bbox 950 629 1021 668; x_wconf 89' lang='lat' dir='ltr'><strong>ille</strong></span> <span class='ocrx_word' id='word_1_59' title='bbox 1051 625 1108 668; x_wconf 80' lang='grc' dir='ltr'><strong>σὺ</strong></span> <span class='ocrx_word' id='word_1_60' title='bbox 1137 629 1389 679; x_wconf 84' lang='lat' dir='ltr'><strong>emendavit,</strong></span> <span class='ocrx_word' id='word_1_61' title='bbox 1421 636 1561 671; x_wconf 86' lang='lat' dir='ltr'><strong>cetera</strong></span> 
     </span>
     <span class='ocr_line' id='line_1_8' title="bbox 85 687 1561 756; baseline -0.001 -14"><span class='ocrx_word' id='word_1_62' title='bbox 85 703 253 756; x_wconf 87' lang='lat' dir='ltr'><strong>probari</strong></span> <span class='ocrx_word' id='word_1_63' title='bbox 280 714 360 741; x_wconf 91' lang='lat' dir='ltr'><strong>non</strong></span> <span class='ocrx_word' id='word_1_64' title='bbox 389 705 583 753; x_wconf 75' lang='lat' dir='ltr'>possunt,</span> <span class='ocrx_word' id='word_1_65' title='bbox 611 700 916 739; x_wconf 89' lang='lat' dir='ltr'><strong>incommodum</strong></span> <span class='ocrx_word' id='word_1_66' title='bbox 949 706 1011 738; x_wconf 85' lang='lat' dir='ltr'><strong>est</strong></span> <span class='ocrx_word' id='word_1_67' title='bbox 1041 700 1106 740; x_wconf 83' lang='lat' dir='ltr'><strong>vel</strong></span> <span class='ocrx_word' id='word_1_68' title='bbox 1136 700 1236 739; x_wconf 91' lang='lat' dir='ltr'><strong>illud</strong></span> <span class='ocrx_word' id='word_1_69' title='bbox 1268 687 1292 748; x_wconf 79' lang='grc' dir='ltr'><em>ἦ</em></span> <span class='ocrx_word' id='word_1_70' title='bbox 1324 697 1414 750; x_wconf 80' lang='grc' dir='ltr'><strong>μὴν</strong></span> <span class='ocrx_word' id='word_1_71' title='bbox 1442 698 1561 747; x_wconf 83' lang='grc' dir='ltr'><strong><em>ἴσως.</em></strong></span> 
     </span>
     <span class='ocr_line' id='line_1_9' title="bbox 85 765 1562 825; baseline 0 -13"><span class='ocrx_word' id='word_1_72' title='bbox 85 773 164 813; x_wconf 85' lang='lat' dir='ltr'><strong>etsi</strong></span> <span class='ocrx_word' id='word_1_73' title='bbox 202 773 428 825; x_wconf 81' lang='lat' dir='ltr'><strong>probarunt</strong></span> <span class='ocrx_word' id='word_1_74' title='bbox 466 770 662 810; x_wconf 75' lang='lat' dir='ltr'><strong>editores.</strong></span> <span class='ocrx_word' id='word_1_75' title='bbox 729 771 876 822; x_wconf 74' lang='lat' dir='ltr'><strong>Neque</strong></span> <span class='ocrx_word' id='word_1_76' title='bbox 913 765 1246 822; x_wconf 75' lang='grc' dir='ltr'><em>καταπλαγήσει</em></span> <span class='ocrx_word' id='word_1_77' title='bbox 1283 772 1453 811; x_wconf 86' lang='lat' dir='ltr'><strong>verbum</strong></span> <span class='ocrx_word' id='word_1_78' title='bbox 1486 784 1562 812; x_wconf 87' lang='lat' dir='ltr'><strong>usu</strong></span> 
     </span>
     <span class='ocr_line' id='line_1_10' title="bbox 86 840 1563 894; baseline -0.001 -11"><span class='ocrx_word' id='word_1_79' title='bbox 86 844 186 884; x_wconf 87' lang='lat' dir='ltr'><strong>satis</strong></span> <span class='ocrx_word' id='word_1_80' title='bbox 215 844 357 882; x_wconf 82' lang='lat' dir='ltr'><strong>tritum</strong></span> <span class='ocrx_word' id='word_1_81' title='bbox 388 841 580 881; x_wconf 86' lang='lat' dir='ltr'><strong>convenit</strong></span> <span class='ocrx_word' id='word_1_82' title='bbox 607 840 706 879; x_wconf 86' lang='lat' dir='ltr'><strong>huic</strong></span> <span class='ocrx_word' id='word_1_83' title='bbox 736 842 841 890; x_wconf 88' lang='lat' dir='ltr'><strong>loco,</strong></span> <span class='ocrx_word' id='word_1_84' title='bbox 872 848 988 881; x_wconf 89' lang='lat' dir='ltr'><strong>recte</strong></span> <span class='ocrx_word' id='word_1_85' title='bbox 1015 842 1251 881; x_wconf 86' lang='lat' dir='ltr'><strong>Dindorfius</strong></span> <span class='ocrx_word' id='word_1_86' title='bbox 1280 854 1414 894; x_wconf 85' lang='lat' dir='ltr'><strong>nuper</strong></span> <span class='ocrx_word' id='word_1_87' title='bbox 1442 843 1563 882; x_wconf 88' lang='lat' dir='ltr'><strong>resti-</strong></span> 
     </span>
     <span class='ocr_line' id='line_1_11' title="bbox 86 905 1564 965; baseline -0.001 -11"><span class='ocrx_word' id='word_1_88' title='bbox 86 915 166 954; x_wconf 85' lang='lat' dir='ltr'><strong>tuit</strong></span> <span class='ocrx_word' id='word_1_89' title='bbox 204 905 637 963; x_wconf 76' lang='grc' dir='ltr'><em>καταπλιγήσει,</em></span> <span class='ocrx_word' id='word_1_90' title='bbox 675 912 785 962; x_wconf 85' lang='lat' dir='ltr'><strong>quod</strong></span> <span class='ocrx_word' id='word_1_91' title='bbox 828 913 1000 951; x_wconf 89' lang='lat' dir='ltr'><strong>verbum</strong></span> <span class='ocrx_word' id='word_1_92' title='bbox 1039 926 1062 951; x_wconf 88' lang='lat' dir='ltr'><strong>a</strong></span> <span class='ocrx_word' id='word_1_93' title='bbox 1093 912 1356 952; x_wconf 85' lang='lat' dir='ltr'><strong>currentibus</strong></span> <span class='ocrx_word' id='word_1_94' title='bbox 1387 914 1564 965; x_wconf 85' lang='lat' dir='ltr'><strong>petitum</strong></span> 
     </span>
     <span class='ocr_line' id='line_1_12' title="bbox 86 981 1564 1036; baseline -0.001 -12"><span class='ocrx_word' id='word_1_95' title='bbox 86 997 168 1024; x_wconf 90' lang='lat' dir='ltr'><strong>non</strong></span> <span class='ocrx_word' id='word_1_96' title='bbox 198 984 456 1036; x_wconf 80' lang='lat' dir='ltr'><strong>ineleganter</strong></span> <span class='ocrx_word' id='word_1_97' title='bbox 485 981 568 1021; x_wconf 88' lang='lat' dir='ltr'><strong>huc</strong></span> <span class='ocrx_word' id='word_1_98' title='bbox 599 982 863 1031; x_wconf 81' lang='lat' dir='ltr'><strong>translatum,</strong></span> <span class='ocrx_word' id='word_1_99' title='bbox 895 988 1190 1035; x_wconf 77' lang='lat' dir='ltr'><strong>comparatque</strong></span> <span class='ocrx_word' id='word_1_100' title='bbox 1221 983 1421 1035; x_wconf 83' lang='lat' dir='ltr'><strong>Hesychii</strong></span> <span class='ocrx_word' id='word_1_101' title='bbox 1451 983 1564 1036; x_wconf 81' lang='lat' dir='ltr'><strong>glos-</strong></span> 
     </span>
     <span class='ocr_line' id='line_1_13' title="bbox 86 1047 1564 1106; baseline -0.001 -12"><span class='ocrx_word' id='word_1_102' title='bbox 86 1067 197 1094; x_wconf 84' lang='lat' dir='ltr'><strong>sam:</strong></span> <span class='ocrx_word' id='word_1_103' title='bbox 235 1047 641 1105; x_wconf 66' lang='grc' dir='ltr'><em>Καταπληγμήσεν</em></span> <span class='ocrx_word' id='word_1_104' title='bbox 690 1048 740 1090; x_wconf 89' lang='grc' dir='ltr'><em>τὸ</em></span> <span class='ocrx_word' id='word_1_105' title='bbox 778 1050 902 1104; x_wconf 75' lang='grc' dir='ltr'><em>βῆμα</em></span> <span class='ocrx_word' id='word_1_106' title='bbox 939 1050 1237 1106; x_wconf 78' lang='grc' dir='ltr'><em>καταπλῆγμα</em></span> <span class='ocrx_word' id='word_1_107' title='bbox 1276 1050 1474 1104; x_wconf 73' lang='grc' dir='ltr'><em>λέγουσι·</em></span> <span class='ocrx_word' id='word_1_108' title='bbox 1514 1051 1564 1092; x_wconf 88' lang='grc' dir='ltr'><em>τὸ</em></span> 
     </span>
     <span class='ocr_line' id='line_1_14' title="bbox 87 1112 1567 1176; baseline -0.001 -12"><span class='ocrx_word' id='word_1_109' title='bbox 87 1112 166 1164; x_wconf 82' lang='grc' dir='ltr'><strong>οὖν</strong></span> <span class='ocrx_word' id='word_1_110' title='bbox 201 1122 466 1172; x_wconf 51' lang='lat' dir='ltr'><strong>amarificat</strong></span> <span class='ocrx_word' id='word_1_111' title='bbox 503 1117 763 1176; x_wconf 68' lang='grc' dir='ltr'><em>μετάγοντες</em></span> <span class='ocrx_word' id='word_1_112' title='bbox 801 1117 892 1162; x_wconf 77' lang='grc' dir='ltr'><strong>ἀπὸ</strong></span> <span class='ocrx_word' id='word_1_113' title='bbox 928 1121 1017 1162; x_wconf 80' lang='grc' dir='ltr'><em>τῶν</em></span> <span class='ocrx_word' id='word_1_114' title='bbox 1055 1121 1324 1174; x_wconf 79' lang='grc' dir='ltr'><em>κνλιομένων</em></span> <span class='ocrx_word' id='word_1_115' title='bbox 1361 1122 1435 1162; x_wconf 85' lang='grc' dir='ltr'><em>καὶ</em></span> <span class='ocrx_word' id='word_1_116' title='bbox 1476 1122 1567 1170; x_wconf 83' lang='grc' dir='ltr'><em>τοῖς</em></span> 
     </span>
     <span class='ocr_line' id='line_1_15' title="bbox 89 1186 1568 1248; baseline 0 -14"><span class='ocrx_word' id='word_1_117' title='bbox 89 1190 195 1234; x_wconf 83' lang='grc' dir='ltr'><em>ποσί</em></span> <span class='ocrx_word' id='word_1_118' title='bbox 223 1189 577 1247; x_wconf 72' lang='grc' dir='ltr'><em>κατατρεχόντων</em></span> <span class='ocrx_word' id='word_1_119' title='bbox 607 1186 743 1240; x_wconf 62' lang='grc' dir='ltr'><em>οὓτως</em></span> <span class='ocrx_word' id='word_1_120' title='bbox 773 1193 889 1247; x_wconf 76' lang='grc' dir='ltr'><em>φασὶ</em></span> <span class='ocrx_word' id='word_1_121' title='bbox 918 1190 1288 1248; x_wconf 70' lang='grc' dir='ltr'><em>κατακρατῃθεὶς.</em></span> <span class='ocrx_word' id='word_1_122' title='bbox 1347 1207 1469 1247; x_wconf 86' lang='lat' dir='ltr'><strong>quam</strong></span> <span class='ocrx_word' id='word_1_123' title='bbox 1508 1195 1568 1234; x_wconf 91' lang='lat' dir='ltr'><strong>sic</strong></span> 
     </span>
     <span class='ocr_line' id='line_1_16' title="bbox 90 1254 1568 1319; baseline 0 -14"><span class='ocrx_word' id='word_1_124' title='bbox 90 1267 294 1306; x_wconf 81' lang='lat' dir='ltr'><strong>restituit:</strong></span> <span class='ocrx_word' id='word_1_125' title='bbox 331 1259 670 1316; x_wconf 74' lang='grc' dir='ltr'><em>καταπλιγήσει·</em></span> <span class='ocrx_word' id='word_1_126' title='bbox 710 1260 761 1303; x_wconf 87' lang='grc' dir='ltr'><em>τὸ</em></span> <span class='ocrx_word' id='word_1_127' title='bbox 800 1263 924 1318; x_wconf 77' lang='grc' dir='ltr'><em>βῆμα</em></span> <span class='ocrx_word' id='word_1_128' title='bbox 955 1262 1125 1319; x_wconf 64' lang='grc' dir='ltr'><em>πλέγμα</em></span> <span class='ocrx_word' id='word_1_129' title='bbox 1164 1263 1358 1317; x_wconf 73' lang='grc' dir='ltr'><em>λέγουσι·</em></span> <span class='ocrx_word' id='word_1_130' title='bbox 1397 1263 1447 1305; x_wconf 87' lang='grc' dir='ltr'><em>τὸ</em></span> <span class='ocrx_word' id='word_1_131' title='bbox 1488 1254 1568 1305; x_wconf 79' lang='grc' dir='ltr'><strong>οὖν</strong></span> 
     </span>
     <span class='ocr_line' id='line_1_17' title="bbox 89 1330 1569 1389; baseline -0.001 -13"><span class='ocrx_word' id='word_1_132' title='bbox 89 1334 458 1387; x_wconf 70' lang='grc' dir='ltr'><em>καταπλέξασθαι</em></span> <span class='ocrx_word' id='word_1_133' title='bbox 501 1330 763 1388; x_wconf 67' lang='grc' dir='ltr'><em>μετάγοντες</em></span> <span class='ocrx_word' id='word_1_134' title='bbox 798 1333 887 1376; x_wconf 78' lang='grc' dir='ltr'><strong>ἀπὸ</strong></span> <span class='ocrx_word' id='word_1_135' title='bbox 933 1334 1020 1376; x_wconf 73' lang='grc' dir='ltr'><em>τῶν</em></span> <span class='ocrx_word' id='word_1_136' title='bbox 1057 1335 1325 1389; x_wconf 81' lang='grc' dir='ltr'><em>κυλιομένων</em></span> <span class='ocrx_word' id='word_1_137' title='bbox 1364 1335 1445 1376; x_wconf 71' lang='grc' dir='ltr'><em>καὶ.</em></span> <span class='ocrx_word' id='word_1_138' title='bbox 1478 1336 1569 1384; x_wconf 82' lang='grc' dir='ltr'><em>τοῖς</em></span> 
     </span>
     <span class='ocr_line' id='line_1_18' title="bbox 91 1399 1570 1462; baseline 0.001 -16"><span class='ocrx_word' id='word_1_139' title='bbox 91 1405 200 1446; x_wconf 85' lang='grc' dir='ltr'><em>ποσὶ</em></span> <span class='ocrx_word' id='word_1_140' title='bbox 227 1403 583 1462; x_wconf 72' lang='grc' dir='ltr'><em>κατατρεχόντων</em></span> <span class='ocrx_word' id='word_1_141' title='bbox 612 1399 747 1453; x_wconf 80' lang='grc' dir='ltr'><em>οὕτως</em></span> <span class='ocrx_word' id='word_1_142' title='bbox 778 1407 892 1460; x_wconf 81' lang='grc' dir='ltr'><em>φασὶ</em></span> <span class='ocrx_word' id='word_1_143' title='bbox 922 1403 1328 1461; x_wconf 73' lang='grc' dir='ltr'><em>κατακρατηθήσει.</em></span> <span class='ocrx_word' id='word_1_144' title='bbox 1396 1409 1450 1448; x_wconf 88' lang='lat' dir='ltr'><strong>At</strong></span> <span class='ocrx_word' id='word_1_145' title='bbox 1487 1420 1570 1449; x_wconf 89' lang='lat' dir='ltr'><strong>non</strong></span> 
     </span>
     <span class='ocr_line' id='line_1_19' title="bbox 91 1473 1571 1532; baseline 0.001 -15"><span class='ocrx_word' id='word_1_146' title='bbox 91 1477 276 1531; x_wconf 77' lang='lat' dir='ltr'><strong>perfecit</strong></span> <span class='ocrx_word' id='word_1_147' title='bbox 306 1478 637 1519; x_wconf 83' lang='lat' dir='ltr'><strong>emendationem</strong></span> <span class='ocrx_word' id='word_1_148' title='bbox 671 1491 837 1527; x_wconf 84' lang='lat' dir='ltr'><strong>versus,</strong></span> <span class='ocrx_word' id='word_1_149' title='bbox 866 1473 990 1530; x_wconf 78' lang='grc' dir='ltr'><em>ἡμῶν</em></span> <span class='ocrx_word' id='word_1_150' title='bbox 1021 1480 1120 1519; x_wconf 87' lang='lat' dir='ltr'><strong>satis</strong></span> <span class='ocrx_word' id='word_1_151' title='bbox 1150 1481 1357 1532; x_wconf 84' lang='lat' dir='ltr'><strong>integrum</strong></span> <span class='ocrx_word' id='word_1_152' title='bbox 1389 1483 1466 1528; x_wconf 87' lang='lat' dir='ltr'><strong>est,</strong></span> <span class='ocrx_word' id='word_1_153' title='bbox 1496 1478 1571 1519; x_wconf 86' lang='lat' dir='ltr'><strong>sed</strong></span> 
     </span>
     <span class='ocr_line' id='line_1_20' title="bbox 93 1546 1572 1605; baseline 0 -16"><span class='ocrx_word' id='word_1_154' title='bbox 93 1554 332 1602; x_wconf 89' lang='lat' dir='ltr'><strong>corruptum</strong></span> <span class='ocrx_word' id='word_1_155' title='bbox 361 1549 464 1589; x_wconf 90' lang='lat' dir='ltr'><strong>illud</strong></span> <span class='ocrx_word' id='word_1_156' title='bbox 490 1546 647 1604; x_wconf 87' lang='grc' dir='ltr'><em>χρόνῳ,</em></span> <span class='ocrx_word' id='word_1_157' title='bbox 675 1550 769 1602; x_wconf 83' lang='lat' dir='ltr'><strong>lege</strong></span> <span class='ocrx_word' id='word_1_158' title='bbox 796 1547 927 1605; x_wconf 73' lang='grc' dir='ltr'><em>χορῷ,</em></span> <span class='ocrx_word' id='word_1_159' title='bbox 956 1555 1101 1590; x_wconf 82' lang='lat' dir='ltr'><strong>noster</strong></span> <span class='ocrx_word' id='word_1_160' title='bbox 1129 1550 1277 1590; x_wconf 74' lang='lat' dir='ltr'><strong>chorus</strong></span> <span class='ocrx_word' id='word_1_161' title='bbox 1298 1551 1494 1603; x_wconf 77' lang='lat' dir='ltr'><strong>profecto</strong></span> <span class='ocrx_word' id='word_1_162' title='bbox 1527 1554 1572 1589; x_wconf 83' lang='lat' dir='ltr'><strong>te</strong></span> 
     </span>
     <span class='ocr_line' id='line_1_21' title="bbox 92 1620 1573 1673; baseline 0 -14"><span class='ocrx_word' id='word_1_163' title='bbox 92 1620 333 1673; x_wconf 80' lang='lat' dir='ltr'><strong>superabit,</strong></span> <span class='ocrx_word' id='word_1_164' title='bbox 374 1621 415 1660; x_wconf 85' lang='lat' dir='ltr'><strong>h.</strong></span> <span class='ocrx_word' id='word_1_165' title='bbox 447 1634 483 1660; x_wconf 90' lang='lat' dir='ltr'><strong>e.</strong></span> <span class='ocrx_word' id='word_1_166' title='bbox 524 1621 695 1660; x_wconf 88' lang='lat' dir='ltr'><strong>iuvenes</strong></span> <span class='ocrx_word' id='word_1_167' title='bbox 734 1625 774 1659; x_wconf 91' lang='lat' dir='ltr'><strong>te</strong></span> <span class='ocrx_word' id='word_1_168' title='bbox 813 1632 955 1661; x_wconf 84' lang='lat' dir='ltr'><strong>senem</strong></span> <span class='ocrx_word' id='word_1_169' title='bbox 986 1622 1216 1661; x_wconf 78' lang='lat' dir='ltr'><strong>vincemus:</strong></span> <span class='ocrx_word' id='word_1_170' title='bbox 1259 1633 1394 1673; x_wconf 86' lang='lat' dir='ltr'><strong>eoque</strong></span> <span class='ocrx_word' id='word_1_171' title='bbox 1437 1620 1573 1672; x_wconf 85' lang='lat' dir='ltr'><strong>aptius</strong></span> 
     </span>
     <span class='ocr_line' id='line_1_22' title="bbox 93 1689 1573 1745; baseline 0 -15"><span class='ocrx_word' id='word_1_172' title='bbox 93 1689 200 1730; x_wconf 82' lang='lat' dir='ltr'><strong>haec</strong></span> <span class='ocrx_word' id='word_1_173' title='bbox 229 1691 370 1731; x_wconf 84' lang='lat' dir='ltr'><strong>dicere</strong></span> <span class='ocrx_word' id='word_1_174' title='bbox 400 1692 535 1744; x_wconf 88' lang='lat' dir='ltr'><strong>potuit</strong></span> <span class='ocrx_word' id='word_1_175' title='bbox 564 1692 689 1739; x_wconf 87' lang='lat' dir='ltr'><strong>filius,</strong></span> <span class='ocrx_word' id='word_1_176' title='bbox 721 1692 937 1744; x_wconf 90' lang='lat' dir='ltr'><strong>quoniam,</strong></span> <span class='ocrx_word' id='word_1_177' title='bbox 968 1696 1014 1731; x_wconf 84' lang='lat' dir='ltr'><strong>nt</strong></span> <span class='ocrx_word' id='word_1_178' title='bbox 1043 1705 1168 1745; x_wconf 91' lang='lat' dir='ltr'><strong>supra</strong></span> <span class='ocrx_word' id='word_1_179' title='bbox 1198 1692 1439 1744; x_wconf 82' lang='lat' dir='ltr'><strong>significavi,</strong></span> <span class='ocrx_word' id='word_1_180' title='bbox 1470 1691 1573 1731; x_wconf 90' lang='lat' dir='ltr'><strong>cho-</strong></span> 
     </span>
     <span class='ocr_line' id='line_1_23' title="bbox 94 1761 1572 1814; baseline 0.002 -14"><span class='ocrx_word' id='word_1_181' title='bbox 94 1774 165 1802; x_wconf 86' lang='lat' dir='ltr'><strong>rus</strong></span> <span class='ocrx_word' id='word_1_182' title='bbox 197 1761 412 1814; x_wconf 84' lang='lat' dir='ltr'><strong>bipartitus</strong></span> <span class='ocrx_word' id='word_1_183' title='bbox 440 1762 532 1811; x_wconf 86' lang='lat' dir='ltr'><strong>fuit,</strong></span> <span class='ocrx_word' id='word_1_184' title='bbox 564 1769 605 1801; x_wconf 86' lang='lat' dir='ltr'><strong>et</strong></span> <span class='ocrx_word' id='word_1_185' title='bbox 636 1775 685 1802; x_wconf 84' lang='lat' dir='ltr'><strong>ex</strong></span> <span class='ocrx_word' id='word_1_186' title='bbox 716 1763 884 1802; x_wconf 85' lang='lat' dir='ltr'><strong>senibus</strong></span> <span class='ocrx_word' id='word_1_187' title='bbox 916 1767 958 1802; x_wconf 88' lang='lat' dir='ltr'><strong>et</strong></span> <span class='ocrx_word' id='word_1_188' title='bbox 988 1777 1036 1803; x_wconf 83' lang='lat' dir='ltr'><strong>ex</strong></span> <span class='ocrx_word' id='word_1_189' title='bbox 1066 1764 1283 1803; x_wconf 88' lang='lat' dir='ltr'><strong>iuvenibus</strong></span> <span class='ocrx_word' id='word_1_190' title='bbox 1307 1762 1572 1814; x_wconf 86' lang='lat' dir='ltr'><strong>compositus·</strong></span> 
     </span>
     <span class='ocr_line' id='line_1_24' title="bbox 97 1827 1574 1891; baseline -0.002 -17"><span class='ocrx_word' id='word_1_191' title='bbox 97 1857 152 1864; x_wconf 85' lang='lat'>—</span> <span class='ocrx_word' id='word_1_192' title='bbox 185 1834 254 1874; x_wconf 83' lang='lat' dir='ltr'><strong>Vs.</strong></span> <span class='ocrx_word' id='word_1_193' title='bbox 286 1834 314 1873; x_wconf 79' lang='lat'><strong>4</strong></span> <span class='ocrx_word' id='word_1_194' title='bbox 352 1827 685 1891; x_wconf 70' lang='grc' dir='ltr'><em>καταπληγήσει</em></span> <span class='ocrx_word' id='word_1_195' title='bbox 713 1833 782 1872; x_wconf 87' lang='lat' dir='ltr'><strong>hic</strong></span> <span class='ocrx_word' id='word_1_196' title='bbox 814 1845 979 1885; x_wconf 87' lang='lat' dir='ltr'><strong>quoque</strong></span> <span class='ocrx_word' id='word_1_197' title='bbox 1009 1840 1108 1874; x_wconf 73' lang='lat' dir='ltr'><strong>vett.</strong></span> <span class='ocrx_word' id='word_1_198' title='bbox 1140 1835 1234 1874; x_wconf 89' lang='lat' dir='ltr'><strong>edd.</strong></span> <span class='ocrx_word' id='word_1_199' title='bbox 1266 1833 1445 1872; x_wconf 85' lang='lat' dir='ltr'><strong>correxit</strong></span> <span class='ocrx_word' id='word_1_200' title='bbox 1475 1832 1574 1872; x_wconf 86' lang='lat' dir='ltr'><strong>Din-</strong></span> 
     </span>
     <span class='ocr_line' id='line_1_25' title="bbox 97 1897 1574 1956; baseline -0.001 -14"><span class='ocrx_word' id='word_1_201' title='bbox 97 1902 269 1944; x_wconf 88' lang='lat' dir='ltr'><strong>dorfius.</strong></span> <span class='ocrx_word' id='word_1_202' title='bbox 300 1930 355 1936; x_wconf 87' lang='lat'><strong>-—</strong></span> <span class='ocrx_word' id='word_1_203' title='bbox 386 1903 498 1945; x_wconf 83' lang='lat' dir='ltr'><strong>Vs.5</strong></span> <span class='ocrx_word' id='word_1_204' title='bbox 531 1904 624 1943; x_wconf 90' lang='lat' dir='ltr'><strong>edd.</strong></span> <span class='ocrx_word' id='word_1_205' title='bbox 654 1897 933 1954; x_wconf 71' lang='grc' dir='ltr'><em>ἀποβὴσεταί</em></span> <span class='ocrx_word' id='word_1_206' title='bbox 963 1905 1076 1954; x_wconf 89' lang='lat' dir='ltr'><strong>(cod.</strong></span> <span class='ocrx_word' id='word_1_207' title='bbox 1099 1906 1234 1956; x_wconf 84' lang='lat' dir='ltr'><strong>Mosq.</strong></span> <span class='ocrx_word' id='word_1_208' title='bbox 1265 1898 1574 1952; x_wconf 74' lang='grc' dir='ltr'><em>ἀποθήσεται)</em></span> 
     </span>
     <span class='ocr_line' id='line_1_26' title="bbox 97 1969 1574 2031; baseline -0.001 -18"><span class='ocrx_word' id='word_1_209' title='bbox 97 1986 170 2014; x_wconf 85' lang='grc' dir='ltr'><strong>σοι</strong></span> <span class='ocrx_word' id='word_1_210' title='bbox 200 1971 343 2013; x_wconf 82' lang='grc' dir='ltr'><em>ταῦτα</em></span> <span class='ocrx_word' id='word_1_211' title='bbox 374 1973 456 2013; x_wconf 87' lang='grc' dir='ltr'><strong>ποῖ</strong></span> <span class='ocrx_word' id='word_1_212' title='bbox 477 1970 533 2013; x_wconf 76' lang='grc' dir='ltr'><em>τὰ</em></span> <span class='ocrx_word' id='word_1_213' title='bbox 567 1969 769 2031; x_wconf 76' lang='grc' dir='ltr'><em>ῥήματα,</em></span> <span class='ocrx_word' id='word_1_214' title='bbox 808 1988 885 2015; x_wconf 92' lang='lat' dir='ltr'><strong>nec</strong></span> <span class='ocrx_word' id='word_1_215' title='bbox 922 1976 1188 2016; x_wconf 82' lang='lat' dir='ltr'><strong>offenderunt</strong></span> <span class='ocrx_word' id='word_1_216' title='bbox 1229 1975 1419 2014; x_wconf 88' lang='lat' dir='ltr'><strong>homines</strong></span> <span class='ocrx_word' id='word_1_217' title='bbox 1450 1974 1574 2022; x_wconf 88' lang='lat' dir='ltr'><strong>docti,</strong></span> 
     </span>
    </p>

    <p class='ocr_par' dir='ltr' id='par_1_4' title="bbox 44 2039 1581 2802">
     <span class='ocr_line' id='line_1_27' title="bbox 44 2039 1576 2099; baseline -0.001 -14"><span class='ocrx_word' id='word_1_218' title='bbox 44 2096 47 2099; x_wconf 21' lang='lat' dir='ltr'>v</span> <span class='ocrx_word' id='word_1_219' title='bbox 98 2045 176 2085; x_wconf 82' lang='lat' dir='ltr'><strong>nisi</strong></span> <span class='ocrx_word' id='word_1_220' title='bbox 207 2045 316 2097; x_wconf 87' lang='lat' dir='ltr'><strong>quod</strong></span> <span class='ocrx_word' id='word_1_221' title='bbox 347 2045 569 2085; x_wconf 84' lang='lat' dir='ltr'><strong>Elmsleius</strong></span> <span class='ocrx_word' id='word_1_222' title='bbox 599 2040 739 2084; x_wconf 80' lang='grc' dir='ltr'><em>ταῦτά</em></span> <span class='ocrx_word' id='word_1_223' title='bbox 770 2058 846 2085; x_wconf 81' lang='grc' dir='ltr'><strong>ποι</strong></span> <span class='ocrx_word' id='word_1_224' title='bbox 875 2047 1060 2099; x_wconf 83' lang='lat' dir='ltr'><strong>scripsit:</strong></span> <span class='ocrx_word' id='word_1_225' title='bbox 1099 2052 1141 2086; x_wconf 91' lang='lat' dir='ltr'><strong>at</strong></span> <span class='ocrx_word' id='word_1_226' title='bbox 1177 2039 1280 2086; x_wconf 69' lang='lat' dir='ltr'><strong>nfihi</strong></span> <span class='ocrx_word' id='word_1_227' title='bbox 1317 2045 1484 2098; x_wconf 86' lang='lat' dir='ltr'><strong>quidem</strong></span> <span class='ocrx_word' id='word_1_228' title='bbox 1526 2045 1576 2084; x_wconf 90' lang='lat' dir='ltr'><strong>il-</strong></span> 
     </span>
     <span class='ocr_line' id='line_1_28' title="bbox 98 2110 1577 2169; baseline 0 -14"><span class='ocrx_word' id='word_1_229' title='bbox 98 2115 170 2156; x_wconf 86' lang='lat' dir='ltr'><strong>lud</strong></span> <span class='ocrx_word' id='word_1_230' title='bbox 199 2116 335 2169; x_wconf 90' lang='lat' dir='ltr'><strong>ipsum</strong></span> <span class='ocrx_word' id='word_1_231' title='bbox 365 2110 662 2169; x_wconf 77' lang='grc' dir='ltr'><em>ἀποβήσεται,</em></span> <span class='ocrx_word' id='word_1_232' title='bbox 706 2118 878 2157; x_wconf 83' lang='lat' dir='ltr'><strong>verbum</strong></span> <span class='ocrx_word' id='word_1_233' title='bbox 915 2117 1082 2157; x_wconf 90' lang='lat' dir='ltr'><strong>minime</strong></span> <span class='ocrx_word' id='word_1_234' title='bbox 1122 2118 1363 2157; x_wconf 87' lang='lat' dir='ltr'><strong>inusitatum</strong></span> <span class='ocrx_word' id='word_1_235' title='bbox 1394 2116 1436 2156; x_wconf 88' lang='lat' dir='ltr'><strong>in</strong></span> <span class='ocrx_word' id='word_1_236' title='bbox 1467 2114 1577 2155; x_wconf 71' lang='lat' dir='ltr'><strong>eius·</strong></span> 
     </span>
     <span class='ocr_line' id='line_1_29' title="bbox 100 2180 1578 2239; baseline -0.002 -13"><span class='ocrx_word' id='word_1_237' title='bbox 100 2187 213 2226; x_wconf 90' lang='lat' dir='ltr'><strong>modi</strong></span> <span class='ocrx_word' id='word_1_238' title='bbox 241 2188 474 2236; x_wconf 84' lang='lat' dir='ltr'><strong>sententia,</strong></span> <span class='ocrx_word' id='word_1_239' title='bbox 505 2187 684 2227; x_wconf 85' lang='lat' dir='ltr'><strong>alienum</strong></span> <span class='ocrx_word' id='word_1_240' title='bbox 716 2189 901 2237; x_wconf 86' lang='lat' dir='ltr'><strong>videtur,</strong></span> <span class='ocrx_word' id='word_1_241' title='bbox 931 2188 1071 2239; x_wconf 87' lang='lat' dir='ltr'><strong>itaque</strong></span> <span class='ocrx_word' id='word_1_242' title='bbox 1102 2189 1262 2227; x_wconf 82' lang='lat' dir='ltr'><strong>correxi</strong></span> <span class='ocrx_word' id='word_1_243' title='bbox 1299 2180 1578 2236; x_wconf 81' lang='grc' dir='ltr'><em>ἀποβύσε-</em></span> 
     </span>
     <span class='ocr_line' id='line_1_30' title="bbox 103 2249 1578 2309; baseline -0.001 -15"><span class='ocrx_word' id='word_1_244' title='bbox 103 2268 202 2294; x_wconf 83' lang='grc' dir='ltr'><strong>ται</strong></span> <span class='ocrx_word' id='word_1_245' title='bbox 229 2282 284 2289; x_wconf 83' lang='lat'>—</span> <span class='ocrx_word' id='word_1_246' title='bbox 314 2252 456 2296; x_wconf 82' lang='grc' dir='ltr'><em>ταῦτά</em></span> <span class='ocrx_word' id='word_1_247' title='bbox 485 2271 574 2307; x_wconf 86' lang='grc' dir='ltr'><strong>πη,</strong></span> <span class='ocrx_word' id='word_1_248' title='bbox 611 2259 841 2309; x_wconf 89' lang='lat' dir='ltr'><strong>eodemque</strong></span> <span class='ocrx_word' id='word_1_249' title='bbox 873 2259 995 2297; x_wconf 90' lang='lat' dir='ltr'><strong>modo</strong></span> <span class='ocrx_word' id='word_1_250' title='bbox 1026 2258 1067 2297; x_wconf 91' lang='lat' dir='ltr'><strong>in</strong></span> <span class='ocrx_word' id='word_1_251' title='bbox 1099 2258 1228 2296; x_wconf 87' lang='lat' dir='ltr'><strong>altero</strong></span> <span class='ocrx_word' id='word_1_252' title='bbox 1260 2269 1379 2296; x_wconf 86' lang='lat' dir='ltr'><strong>versu</strong></span> <span class='ocrx_word' id='word_1_253' title='bbox 1410 2249 1578 2305; x_wconf 70' lang='grc' dir='ltr'><em>ἀποβέ-</em></span> 
     </span>
     <span class='ocr_line' id='line_1_31' title="bbox 104 2325 1577 2376; baseline 0.001 -12"><span class='ocrx_word' id='word_1_254' title='bbox 104 2338 228 2365; x_wconf 83' lang='grc' dir='ltr'><em>σεται</em></span> <span class='ocrx_word' id='word_1_255' title='bbox 263 2326 450 2366; x_wconf 82' lang='lat' dir='ltr'><strong>restitui:</strong></span> <span class='ocrx_word' id='word_1_256' title='bbox 489 2327 570 2366; x_wconf 91' lang='lat' dir='ltr'><strong>hoc</strong></span> <span class='ocrx_word' id='word_1_257' title='bbox 608 2328 715 2376; x_wconf 83' lang='lat' dir='ltr'><strong>enim</strong></span> <span class='ocrx_word' id='word_1_258' title='bbox 746 2327 1054 2366; x_wconf 81' lang='lat' dir='ltr'><strong>minitabundus</strong></span> <span class='ocrx_word' id='word_1_259' title='bbox 1084 2326 1242 2366; x_wconf 84' lang='lat' dir='ltr'><strong>iuvenis</strong></span> <span class='ocrx_word' id='word_1_260' title='bbox 1273 2327 1395 2365; x_wconf 84' lang='lat' dir='ltr'><strong>dicit:</strong></span> <span class='ocrx_word' id='word_1_261' title='bbox 1435 2325 1577 2366; x_wconf 78' lang='lat' dir='ltr'><strong>verbo-</strong></span> 
     </span>
     <span class='ocr_line' id='line_1_32' title="bbox 105 2395 1577 2450; baseline -0.001 -14"><span class='ocrx_word' id='word_1_262' title='bbox 105 2410 196 2436; x_wconf 77' lang='lat' dir='ltr'><strong>rum</strong></span> <span class='ocrx_word' id='word_1_263' title='bbox 212 2397 375 2445; x_wconf 79' lang='lat' dir='ltr'><strong>flumen</strong></span> <span class='ocrx_word' id='word_1_264' title='bbox 412 2397 495 2436; x_wconf 80' lang='lat' dir='ltr'><strong>tibi</strong></span> <span class='ocrx_word' id='word_1_265' title='bbox 530 2396 675 2450; x_wconf 76' lang='lat' dir='ltr'><strong>aliqua</strong></span> <span class='ocrx_word' id='word_1_266' title='bbox 710 2398 880 2437; x_wconf 80' lang='lat' dir='ltr'><strong>ratione</strong></span> <span class='ocrx_word' id='word_1_267' title='bbox 920 2397 1170 2437; x_wconf 81' lang='lat' dir='ltr'><strong>obstruetur.</strong></span> <span class='ocrx_word' id='word_1_268' title='bbox 1230 2395 1577 2448; x_wconf 85' lang='lat' dir='ltr'><strong>quemadmodum</strong></span> 
     </span>
     <span class='ocr_line' id='line_1_33' title="bbox 105 2460 1581 2520; baseline -0.002 -13"><span class='ocrx_word' id='word_1_269' title='bbox 105 2467 296 2507; x_wconf 84' lang='lat' dir='ltr'><strong>Cratinus</strong></span> <span class='ocrx_word' id='word_1_270' title='bbox 333 2467 433 2506; x_wconf 81' lang='lat' dir='ltr'><strong>dixit</strong></span> <span class='ocrx_word' id='word_1_271' title='bbox 470 2467 510 2506; x_wconf 92' lang='lat' dir='ltr'><strong>in</strong></span> <span class='ocrx_word' id='word_1_272' title='bbox 543 2468 691 2520; x_wconf 85' lang='lat' dir='ltr'><strong>Pytine</strong></span> <span class='ocrx_word' id='word_1_273' title='bbox 721 2468 886 2520; x_wconf 81' lang='lat' dir='ltr'><strong>Fragm.</strong></span> <span class='ocrx_word' id='word_1_274' title='bbox 924 2468 997 2508; x_wconf 83' lang='lat' dir='ltr'><strong>Vll</strong></span> <span class='ocrx_word' id='word_1_275' title='bbox 1030 2468 1080 2507; x_wconf 83' lang='lat'><strong>4:</strong></span> <span class='ocrx_word' id='word_1_276' title='bbox 1121 2460 1179 2506; x_wconf 81' lang='grc' dir='ltr'><strong>Εἰ</strong></span> <span class='ocrx_word' id='word_1_277' title='bbox 1209 2465 1271 2519; x_wconf 76' lang='grc' dir='ltr'><strong>μὴ</strong></span> <span class='ocrx_word' id='word_1_278' title='bbox 1310 2464 1393 2519; x_wconf 77' lang='grc' dir='ltr'><strong>γὰρ</strong></span> <span class='ocrx_word' id='word_1_279' title='bbox 1429 2461 1581 2515; x_wconf 76' lang='grc' dir='ltr'>ἐπιβύ-</span> 
     </span>
     <span class='ocr_line' id='line_1_34' title="bbox 102 2531 1577 2591; baseline -0.001 -15"><span class='ocrx_word' id='word_1_280' title='bbox 102 2547 172 2576; x_wconf 81' lang='grc' dir='ltr'><strong>σει</strong></span> <span class='ocrx_word' id='word_1_281' title='bbox 202 2549 264 2583; x_wconf 84' lang='grc' dir='ltr'><em>τις</em></span> <span class='ocrx_word' id='word_1_282' title='bbox 296 2531 432 2575; x_wconf 85' lang='grc' dir='ltr'><em>αὐτοῦ</em></span> <span class='ocrx_word' id='word_1_283' title='bbox 470 2533 518 2575; x_wconf 87' lang='grc' dir='ltr'><em>τὸ</em></span> <span class='ocrx_word' id='word_1_284' title='bbox 550 2532 708 2588; x_wconf 83' lang='grc' dir='ltr'><em>στόμα.</em></span> <span class='ocrx_word' id='word_1_285' title='bbox 755 2542 809 2577; x_wconf 64' lang='grc' dir='ltr'><strong>ει</strong></span> <span class='ocrx_word' id='word_1_286' title='bbox 838 2538 1138 2591; x_wconf 82' lang='lat' dir='ltr'><strong>Aristophanes</strong></span> <span class='ocrx_word' id='word_1_287' title='bbox 1175 2539 1216 2591; x_wconf 87' lang='lat' dir='ltr'><strong>in</strong></span> <span class='ocrx_word' id='word_1_288' title='bbox 1250 2538 1371 2577; x_wconf 88' lang='lat' dir='ltr'><strong>Pluto</strong></span> <span class='ocrx_word' id='word_1_289' title='bbox 1402 2550 1438 2578; x_wconf 78' lang='lat' dir='ltr'><strong>v,</strong></span> <span class='ocrx_word' id='word_1_290' title='bbox 1471 2537 1577 2576; x_wconf 76' lang='lat'>379:</span> 
     </span>
     <span class='ocr_line' id='line_1_35' title="bbox 111 2601 1579 2663; baseline 0.003 -18"><span class='ocrx_word' id='word_1_291' title='bbox 111 2604 173 2645; x_wconf 85' lang='grc' dir='ltr'><strong>Τὸ</strong></span> <span class='ocrx_word' id='word_1_292' title='bbox 213 2601 355 2658; x_wconf 80' lang='grc' dir='ltr'><em>στόμ’</em></span> <span class='ocrx_word' id='word_1_293' title='bbox 398 2602 611 2658; x_wconf 77' lang='grc' dir='ltr'><em>ἐπιβύσας</em></span> <span class='ocrx_word' id='word_1_294' title='bbox 651 2605 863 2660; x_wconf 79' lang='grc' dir='ltr'><em>κέρμασιν</em></span> <span class='ocrx_word' id='word_1_295' title='bbox 912 2606 998 2646; x_wconf 74' lang='grc' dir='ltr'><em>τῶν</em></span> <span class='ocrx_word' id='word_1_296' title='bbox 1049 2604 1260 2663; x_wconf 76' lang='grc' dir='ltr'><em>ῥητόρων.</em></span> <span class='ocrx_word' id='word_1_297' title='bbox 1347 2609 1403 2648; x_wconf 77' lang='lat' dir='ltr'><strong>Et</strong></span> <span class='ocrx_word' id='word_1_298' title='bbox 1455 2621 1579 2661; x_wconf 80' lang='lat' dir='ltr'><strong>porro</strong></span> 
     </span>
     <span class='ocr_line' id='line_1_36' title="bbox 107 2665 1579 2730; baseline 0.001 -13"><span class='ocrx_word' id='word_1_299' title='bbox 107 2688 190 2717; x_wconf 86' lang='lat' dir='ltr'><strong>non</strong></span> <span class='ocrx_word' id='word_1_300' title='bbox 235 2690 403 2730; x_wconf 82' lang='lat' dir='ltr'><strong>prorsus</strong></span> <span class='ocrx_word' id='word_1_301' title='bbox 446 2665 632 2719; x_wconf 74' lang='lat' dir='ltr'><strong>dissimili</strong></span> <span class='ocrx_word' id='word_1_302' title='bbox 678 2679 838 2719; x_wconf 89' lang='lat' dir='ltr'><strong>ratione</strong></span> <span class='ocrx_word' id='word_1_303' title='bbox 889 2678 989 2718; x_wconf 84' lang='lat' dir='ltr'><strong>dixit</strong></span> <span class='ocrx_word' id='word_1_304' title='bbox 1036 2679 1078 2719; x_wconf 87' lang='lat' dir='ltr'><strong>in</strong></span> <span class='ocrx_word' id='word_1_305' title='bbox 1128 2680 1237 2719; x_wconf 84' lang='lat' dir='ltr'><strong>Pace</strong></span> <span class='ocrx_word' id='word_1_306' title='bbox 1280 2691 1318 2720; x_wconf 84' lang='lat' dir='ltr'><strong>v.</strong></span> <span class='ocrx_word' id='word_1_307' title='bbox 1362 2678 1469 2727; x_wconf 81' lang='lat'>644,</span> <span class='ocrx_word' id='word_1_308' title='bbox 1510 2679 1579 2718; x_wconf 89' lang='lat' dir='ltr'><strong>ubi</strong></span> 
     </span>
     <span class='ocr_line' id='line_1_37' title="bbox 111 2745 1580 2802; baseline 0.001 -16"><span class='ocrx_word' id='word_1_309' title='bbox 111 2745 164 2786; x_wconf 88' lang='lat' dir='ltr'><strong>de</strong></span> <span class='ocrx_word' id='word_1_310' title='bbox 191 2748 421 2800; x_wconf 79' lang='lat' dir='ltr'><strong>peregrinis</strong></span> <span class='ocrx_word' id='word_1_311' title='bbox 450 2748 649 2801; x_wconf 82' lang='lat' dir='ltr'><strong>loquitur,</strong></span> <span class='ocrx_word' id='word_1_312' title='bbox 689 2750 758 2802; x_wconf 87' lang='lat' dir='ltr'><strong>qui</strong></span> <span class='ocrx_word' id='word_1_313' title='bbox 798 2749 1136 2791; x_wconf 86' lang='lat' dir='ltr'><strong>calumniatorum</strong></span> <span class='ocrx_word' id='word_1_314' title='bbox 1167 2750 1465 2802; x_wconf 84' lang='lat' dir='ltr'><strong>rhetorumque</strong></span> <span class='ocrx_word' id='word_1_315' title='bbox 1494 2761 1580 2788; x_wconf 87' lang='lat' dir='ltr'><strong>ma·</strong></span> 
     </span>
    </p>
   </div>
  </div>
 </body>
</html>
