1716 3164
597 150 694 191 ΑΜ
701 115 821 192 ΦΙΑ
830 147 1005 194 ΡΑΟΣ.
1463 151 1544 192 951

61 262 227 323 κράτου
246 291 299 299 —-
322 262 471 314 ἐπειδὴ
504 261 740 317 συμβαίνει
774 263 872 304 τινὰ
904 263 991 304 τιῦν
1018 262 1090 303 ἐπὶ
1124 261 1198 311 τῆς
1231 261 1438 317 τραπέζης
1468 264 1547 304 τοῦ

60 332 349 391 Ἀμφιαράου
378 331 705 390 ἀργυρωμάτων
734 331 886 390 ἀχρεῖα
919 334 1144 386 μεμονέναι
1167 332 1279 387 κτλ.)
1310 335 1415 375 haec
1444 348 1546 388 quo-

58 421 140 462 que
170 414 477 449 memorantur:
510 405 716 454 Μέλανος
745 402 1014 459 προσώπων.
1047 404 1246 445 Βοΐσκου
1277 401 1543 459 προσώπων.

65 475 229 526 Φιλίας
267 473 440 525 τιτθὸς.
501 473 712 531 Ἀρσίνου
749 471 936 517 αἰδοῖον.
1007 472 1142 527 (Κή)
1181 489 1324 523 πωνος
1358 470 1544 518 αἰδοῖον.

67 545 358 603 Εὑᾳροσύνης
387 543 555 596 τιτθὸς.
613 543 814 588 Ψαττίου
838 543 946 601 χείρ.
993 548 1170 589 Oracula
1186 549 1427 600 Amphiarai
1457 562 1545 590 me-

66 628 198 662 morat
217 621 435 662 Pausanias
465 620 562 659 ibid.
577 619 618 668 4,
649 625 774 671 atque
804 619 1016 659 oracutum
1047 619 1170 660 etiam
1194 620 1236 659 in
1254 619 1544 672 Aristophanis

68 692 282 733 comoedia
312 690 497 731 exhiberi
530 691 714 738 videtur,
747 691 779 730 F
783 703 912 743 ragm.
932 690 1056 739 V111;
1088 690 1202 730 addit
1233 681 1369 730 autem
1389 690 1543 730 Pausa-

71 763 160 804 nias
190 762 359 803 heroem
389 761 636 814 plerumque
674 761 716 801 in
747 762 902 801 somnis
941 774 1057 802 suam
1092 762 1337 802 cubantibus
1374 762 1415 801 in
1446 760 1543 802 fano

71 834 320 877 voluntatem
366 832 644 884 significasse:
694 828 816 871 Δοκῶ
869 831 915 871 δὲ
968 827 1261 885 ’Λμᾳιάραον
1307 825 1546 885 ὀνειράτων

9 925 13 929 «
69 898 281 958 διακρίσει
309 897 502 956 μάλιστα
533 902 856 956 προσκεῖσθαι·
899 900 1036 952 δῆλον
1066 901 1124 950 δέ,
1158 898 1287 952 ἡνίκα
1316 898 1542 956 ἐνομίσθη

64 971 178 1022 ,θεὸς
212 969 280 1014 δι’
313 968 551 1027 ὀνειράτων
579 969 800 1026 μαντικὴν
828 969 1233 1026 καταστησάμενος,
1264 973 1339 1013 καὶ
1369 972 1545 1029 πρῶτον

65 1045 145 1098 μὲν
173 1039 479 1098 καθήρασθαι
519 1042 775 1098 νομίζουσιν
804 1036 928 1092 ὅστις
956 1033 1102 1094 ἦλθεν
1138 1039 1409 1101 Ἀμφιαράῳ
1433 1059 1542 1099 χρη-

65 1113 274 1170 σόμενος·
318 1112 412 1156 ἔστι
458 1113 504 1156 δὲ
546 1111 804 1170 καθάρσιον
839 1113 900 1171 τῷ
941 1113 1034 1172 θεῷ
1074 1112 1232 1156 θύειν·
1277 1111 1447 1156 θύουσι
1492 1113 1539 1156 δὲ

63 1183 183 1243 αὐτῷ
209 1185 285 1229 καὶ
315 1184 452 1229 πᾶσιν
482 1178 603 1235 ὅσοις
631 1185 752 1227 ἐστὶν
781 1185 853 1227 ἐπὶ
871 1183 1006 1227 ταύτὸ
1037 1185 1093 1226 τὰ
1124 1182 1354 1240 ὀνόματα·
1387 1184 1539 1241 προεξ-

63 1257 363 1312 ειργασμένων
393 1255 439 1299 δὲ
470 1253 650 1307 τούτων,
682 1255 805 1313 κριὸν
824 1254 1049 1306 θύσαντες
1076 1257 1153 1298 καὶ
1180 1253 1230 1298 τὸ
1263 1256 1403 1312 δέρμα
1434 1253 1541 1298 ὑπο-

7 1327 9 1330 ’
63 1323 365 1385 στρωσάμενοι
404 1324 710 1370 καθεύδουσιν
746 1326 1036 1383 ἀναμένοντες
1076 1323 1269 1378 δήλωσιν
1302 1325 1541 1384 ὀνείρατος,

64 1401 184 1445 Adde
220 1407 438 1454 praeterea
475 1399 680 1440 Herodot.
723 1402 821 1443 vm
854 1401 958 1441 134:
1007 1397 1138 1441 τοῦτο
1179 1396 1225 1438 δὲ
1264 1395 1405 1450 ξεῖνόν
1439 1412 1541 1440 τινα

65 1470 141 1512 καὶ
167 1465 220 1511 οὐ
250 1468 450 1524 Θηβαῖον
475 1465 675 1524 χρήμασι
702 1468 859 1519 πείσας
887 1468 1161 1525 κατεκοίμισε
1191 1468 1234 1518 ἐς
1261 1466 1540 1526 Ἀμφιάρεω.

176 1543 320 1596 ltaque
339 1543 379 1583 in
397 1541 476 1583 hau
490 1542 704 1583 comoedia
721 1544 1022 1596 Aristophanes
1040 1556 1184 1583 senem
1205 1542 1403 1592 exhibuit,
1425 1542 1541 1595 gravi

64 1614 208 1655 morbo
239 1617 453 1663 vexatum,
495 1613 566 1666 qui
597 1614 776 1666 denique
806 1614 860 1654 de
888 1614 1023 1655 salute
1053 1614 1280 1667 desperans
1310 1625 1439 1653 uxore
1469 1626 1540 1653 co-

0 1697 2 1743 }
67 1685 170 1725 mite
198 1685 252 1725 ad
280 1684 575 1738 Amphiaraum
606 1699 652 1725 se
683 1685 870 1734 confert,
901 1691 946 1725 ut
976 1686 1026 1726 ab
1057 1686 1139 1726 hoc
1169 1698 1291 1738 opem
1322 1684 1538 1737 impetret:

0 1780 1 1786 =
66 1754 107 1797 iu
137 1754 344 1807 integrum
376 1768 475 1796 sane
505 1762 550 1796 ut
578 1757 740 1797 videtur
771 1757 1002 1797 restituitur
1030 1757 1102 1797 ille
1131 1769 1258 1797 senex
1288 1760 1331 1795 et
1358 1755 1542 1796 iuvenile

65 1825 194 1870 robur
223 1825 392 1878 recipit,
433 1827 509 1867 sed
539 1841 620 1869 non
653 1828 904 1881 Amphiarao
943 1833 1132 1877 auctore,
1174 1839 1316 1867 verum
1346 1827 1428 1867 alio
1459 1839 1542 1879 quo

66 1896 214 1945 modo,
245 1897 404 1938 ludicro
435 1898 636 1950 fortasse,
666 1913 787 1952 quem
814 1899 930 1938 finxit
959 1903 1095 1952 poeta.
1161 1898 1326 1939 Etenim
1357 1898 1540 1939 comicus

51 1972 190 2021 'poeta
218 1967 298 2007 hac
326 1968 506 2021 imagine
545 1970 654 2011 senis
694 1969 947 2023 aegrotantis
986 1975 1028 2009 et
1058 1969 1353 2022 Amphiaraum
1390 1982 1539 2011 consu-

64 2038 188 2079 lentis
217 2039 429 2092 proposita
455 2039 539 2081 hoc
567 2042 826 2094 potissimum
863 2040 1083 2094 spectavit,
1123 2045 1168 2080 ut
1196 2053 1341 2081 vanam
1380 2040 1539 2081 rideret

65 2109 378 2151 Atheniensium
408 2111 759 2163 superstitionem.
800 2112 914 2154 Vidit
939 2112 1068 2166 igitur
1097 2111 1252 2164 aliquid
1270 2112 1538 2162 Suevemius,

65 2179 137 2231 qui
174 2180 216 2221 in
251 2185 472 2223 comment.
511 2183 566 2223 de
595 2184 697 2224 Avv.
728 2197 768 2237 p.
797 2182 855 2224 58
883 2196 945 2235 sq.
985 2183 1144 2224 Niciam
1179 2188 1370 2223 vexatum
1407 2183 1540 2223 fuisse

65 2250 109 2292 in
138 2249 217 2292 tm,-
247 2253 461 2293 comoedin
490 2254 689 2303 coniecit,
722 2254 908 2306 quamvis
937 2267 960 2293 a
991 2257 1103 2293 recta
1131 2254 1292 2294 ratione
1321 2255 1540 2293 aberrave-

67 2319 135 2361 rit.
192 2320 504 2362 Atheniensium
534 2329 672 2363 autem
703 2323 924 2363 credulitas
955 2329 998 2363 et
1027 2307 1158 2362 inanis
1182 2324 1421 2375 superstitio
1451 2337 1538 2364 ma-

70 2389 177 2430 xime
207 2391 397 2442 apparuit
425 2404 476 2431 eo
506 2397 708 2445 tempore,
739 2406 820 2445 quo
850 2394 891 2433 in
912 2393 1095 2434 Siciliam
1128 2394 1336 2446 expeditio
1365 2395 1538 2447 paraba-

68 2465 149 2509 tur,
182 2472 274 2500 cum
305 2462 414 2502 cives
436 2464 567 2503 morbi
591 2463 777 2517 pestiferi
810 2465 847 2504 vi
878 2470 921 2504 et
952 2464 1309 2505 beliircnlamitate
1339 2466 1403 2506 vix
1433 2466 1538 2507 libe·

68 2530 147 2571 rati
178 2531 308 2583 (apud
339 2533 529 2586 Thucyd.
563 2535 616 2575 Vl
650 2536 702 2575 12
744 2536 884 2576 Nicias
923 2535 1044 2575 dicit:
1081 2535 1235 2575 νεωστὶ
1273 2532 1363 2575 ἀπὸ
1404 2520 1568 2577 νόσου

68 2596 260 2654 μεγάλης
287 2602 362 2641 καὶ
393 2601 584 2656 πολέμου
613 2600 754 2659 βραχύ
784 2618 826 2644 τι
855 2603 1183 2659 λελωφήκαμεν.
1232 2612 1274 2648 et
1302 2609 1392 2661 ipse
1421 2609 1539 2650 Thu-

69 2672 163 2724 oya.
182 2673 239 2717 Vl
269 2674 346 2714 26:
378 2668 500 2727 ἄρτις
528 2670 751 2731 ἀνειλήφει
780 2672 806 2725 ἡ
838 2673 965 2724 πόλις
993 2672 1153 2726 ἑαυτήν
1181 2673 1270 2719 ἀπὸ
1299 2677 1377 2728 τῆς
1404 2674 1542 2719 νόσου

74 2740 148 2781 καὶ
177 2741 254 2782 τοῦ
281 2741 477 2799 ξυνεχοῦς
508 2745 700 2801 πολέμου
739 2744 780 2796 ἔς
813 2761 854 2787 τε
893 2743 1062 2796 ἡλικίας
1091 2746 1270 2799 πλῆθος
1298 2748 1543 2803 &my-sywa-
