1716 3158
198 197 309 243 1024
722 200 1080 245 ARISTOPHAN
1084 203 1132 246 IS

200 313 394 361 usitatum
434 310 568 363 arguit
604 310 676 351 ille
717 311 819 352 isaei
863 312 998 354 locus:
1037 316 1253 366 potestque
1287 313 1368 356 hoo
1406 315 1527 357 etiam
1564 316 1643 358 alia

197 383 354 422 ratione
383 380 635 420 confirmari:
663 393 838 432 namque
865 382 1080 423 duodecim
1104 383 1144 423 in
1165 383 1333 434 singulis
1347 386 1460 438 pagis
1476 386 1642 439 parasiti

198 449 475 502 eligebantur,
505 449 615 501 quod
643 449 812 490 Diodori
840 451 910 491 ille
941 452 1054 491 locus
1083 452 1254 501 indicat,
1290 455 1330 490 at
1355 466 1450 505 vero
1479 468 1642 495 comoe-

198 520 290 559 diae
319 519 468 558 chorus
498 520 707 558 constabat
737 532 785 559 ex
815 521 959 573 viginti
989 525 1178 572 quattuor
1218 522 1425 573 personis,
1464 527 1506 562 et
1533 524 1641 564 thia-

197 594 375 628 sotarum
405 588 567 638 quidem
598 601 811 629 numerum
842 603 993 642 augere
1023 591 1087 630 vix
1117 591 1232 629 licuit
1255 594 1412 642 poetae,
1443 591 1515 630 sed
1544 593 1641 633 satis

197 657 409 697 commode
449 656 664 697 duodecim
700 659 865 698 senibus
906 658 1122 699 duodecim
1159 660 1326 699 iuvenes
1362 659 1469 700 filios
1499 660 1642 701 adiun-

195 738 297 778 gere
338 725 483 777 potuit.
566 727 674 766 Sane
711 727 929 768 scholiasta
967 729 1247 780 Aristophanis
1285 729 1441 780 Equitt.
1480 742 1517 769 v.
1557 729 1643 769 593
1685 729 1695 742 ⁶

194 795 431 843 contendit,
460 794 495 834 si
527 795 606 835 duo
635 795 789 835 suerint
819 796 1092 844 hemichoria,
1121 797 1314 849 imparem
1344 798 1471 838 fuisse
1499 810 1642 839 nume-

194 876 308 904 rum:
337 858 467 901 ’Ἐστι
506 861 550 902 δὲ
587 857 656 902 ὅτε
695 864 768 903 καὶ
808 859 1009 917 ἡμιχόρια
1045 859 1225 904 ἵσταντο
1260 860 1357 914 ἤτοι
1391 863 1435 916 ἐξ
1473 862 1642 919 ἀνδρῶν

193 931 267 971 καὶ
305 929 541 983 γυναικῶν·
581 930 627 971 ἐν
665 933 753 980 τοῖς
793 929 1004 981 τοιούτοις
1033 933 1177 987 χοροῖς
1207 927 1248 972 εἰ
1283 934 1363 985 μὲν
1400 932 1443 984 ἐξ
1472 924 1642 989 ἀνδρῶν

193 999 258 1049 εἴη
285 1000 359 1040 καὶ
389 999 603 1052 γυναικῶν
631 997 655 1040 ὁ
680 996 819 1056 χορός,
849 1000 1108 1042 ἐπλεονέκτει
1136 999 1185 1041 τὸ
1204 999 1288 1040 τῶν
1317 999 1488 1056 ἀνδρῶν
1513 1003 1641 1057 μέρος

192 1069 266 1110 καὶ
295 1059 410 1118 ἦσαν
441 1066 519 1122 ιγ’,
558 1069 607 1109 αἱ
644 1068 689 1109 δὲ
720 1070 912 1122 γυναῖκες
942 1069 1104 1122 ἕνδεκα,
1133 1065 1176 1110 εἰ
1199 1069 1244 1110 δὲ
1274 1070 1445 1111 παίδων
1472 1071 1536 1122 εἴη
1565 1072 1640 1113 καὶ

191 1137 428 1191 γυναικῶν,
469 1138 516 1178 αἱ
543 1140 624 1192 μὲν
653 1139 846 1192 γυναῖκες
876 1136 927 1192 ιγ’
958 1130 1095 1190 ἦσαν,
1134 1139 1177 1179 οἱ
1213 1139 1258 1179 δὲ
1287 1139 1437 1187 παῖδες
1473 1129 1547 1184 ια’.
1603 1135 1644 1181 εἷ

194 1205 239 1247 δὲ
269 1205 523 1262 πρεσβυτῶν
558 1207 632 1246 καὶ
673 1206 802 1258 νεῶν,
842 1206 940 1256 τοὺς
976 1204 1221 1262 πρεσβύτας
1260 1208 1523 1249 πλεονεκτεῖν
1552 1208 1642 1250 δεῖν
1682 1212 1690 1219 “

193 1275 346 1331 ([ασίν.
385 1280 437 1317 At
467 1278 542 1316 ista
573 1291 622 1317 an
653 1278 770 1317 firmo
801 1279 934 1330 aliquo
966 1279 1230 1319 fundamento
1260 1280 1449 1329 nitantur,
1478 1281 1639 1322 nescio:

193 1348 292 1387 mihi
321 1347 484 1398 quidem
516 1347 642 1385 multo
674 1348 834 1387 videtur
863 1349 1111 1399 probabilius
1152 1350 1192 1388 in
1223 1349 1301 1388 hac
1329 1349 1467 1389 fabula
1496 1363 1638 1392 renum

192 1421 234 1456 et
263 1429 484 1468 puerorum
507 1429 720 1455 numerum
738 1418 947 1467 aequalem
971 1418 1111 1457 fuisse.
1143 1419 1335 1458 Convivio
1361 1419 1485 1470 igitur
1509 1420 1638 1470 finito,

191 1497 295 1536 quae
332 1485 460 1536 prima
497 1485 574 1524 fuit
613 1485 852 1524 comoediae
893 1499 1010 1537 pars,
1049 1487 1173 1525 iidem
1213 1487 1281 1537 qui
1312 1487 1463 1539 epulati
1509 1494 1643 1542 erant,

190 1558 383 1605 tanquam
414 1554 565 1594 chorus
596 1555 637 1594 in
669 1554 920 1594 orchestram
950 1555 1190 1605 prodibant,
1229 1556 1271 1595 id
1300 1557 1409 1607 quod
1438 1558 1534 1596 satis
1565 1558 1637 1598 do-

191 1627 257 1663 cet
287 1622 414 1662 Orion
452 1636 492 1675 p.
522 1624 577 1663 49
610 1625 687 1663 lo:
723 1621 796 1661 καὶ
835 1621 1060 1670 Δαιταλεῖς
1098 1621 1243 1677 δρᾶμα
1277 1620 1636 1678 Ἀριστοφάνους,

189 1687 334 1739 ἐπειδὴ
363 1688 409 1728 ἐν
439 1689 536 1747 ἱερῷ
569 1687 840 1746 ἸΙρακλέους
871 1689 1142 1738 δειπνοῦντες
1170 1692 1244 1731 καὶ
1272 1687 1538 1741 ἀναστάντες
1559 1708 1637 1748 χο-

190 1759 260 1813 ροὶ
299 1758 507 1811 ἐγένοντο.
576 1762 685 1812 quod
721 1774 802 1801 non
841 1773 943 1812 opus
979 1765 1042 1801 est
1078 1763 1250 1814 corrigi,
1298 1765 1637 1814 quemadmodum

187 1830 424 1871 Dindorfius
453 1831 603 1870 voluit:
629 1826 757 1883 χορὸς
784 1825 991 1880 ἐγίγνετο,
1031 1843 1121 1870 nam
1159 1831 1306 1870 indicio
1347 1837 1409 1872 est
1446 1834 1514 1873 hic
1549 1835 1638 1887 ipse

188 1898 304 1939 locus
343 1898 528 1938 bifariam
566 1899 738 1939 divisum
776 1898 904 1939 fuisse
940 1899 1131 1948 chorum,
1171 1900 1275 1939 adde
1304 1902 1373 1941 Fr.
1402 1902 1500 1944 XVI
1528 1915 1565 1943 ν.
1594 1903 1636 1944 3.

187 1968 244 2008 At
272 1968 367 2018 quid
399 1968 548 2007 deinde
589 1969 641 2007 sit
679 1968 830 2008 factum
861 1969 1074 2008 commode
1110 1969 1284 2009 illustrat
1310 1971 1424 2009 locus
1454 1964 1634 2022 Etymol.

186 2035 249 2086 M.
277 2049 318 2087 p.
349 2037 431 2074 286
462 2037 535 2075 19:
565 2033 734 2090 Δρᾶμα,
763 2033 946 2089 ποίημα,
976 2034 1153 2089 πρᾶγμα
1181 2062 1235 2068 —
1264 2035 1435 2088 λέγεται
1459 2035 1504 2076 δὲ
1533 2034 1637 2092 δρά-

186 2116 307 2156 ματα
336 2103 410 2141 zat
438 2099 493 2141 τὰ
523 2100 608 2143 ὑπὸ
636 2104 723 2144 τῶν
751 2103 997 2157 θεατρικῶν
1023 2102 1219 2158 μιμηλῶς
1248 2100 1477 2157 γινόμενα,
1505 2101 1562 2154 ὠς
1590 2105 1636 2147 ἐν

184 2167 431 2227 ὑποκρίσει,
466 2165 525 2219 ὥς
553 2185 691 2226 φησιν
724 2169 1077 2227 Ἀριστοφάνης,
1110 2170 1257 2222 ἐπειδὴ
1288 2172 1333 2213 ἐν
1362 2173 1457 2229 ἱερῷ
1489 2171 1635 2229 (Ηρα-

182 2239 329 2288 κλέους
363 2238 556 2292 ἐγίνοντο
588 2237 731 2295 χορός.
795 2244 1004 2282 Obscurus
1045 2255 1142 2282 sane
1180 2243 1318 2291 locus,
1369 2257 1502 2295 neque
1540 2247 1635 2287 satis

182 2311 370 2363 integer,
406 2311 508 2350 illud
538 2314 673 2351 tamen
703 2317 873 2363 apparet
903 2313 954 2351 ad
985 2311 1245 2351 Daetalenses
1284 2324 1374 2351 eum
1404 2326 1494 2353 esse
1524 2315 1635 2355 refe-
1710 2311 1716 2357 Ῐὲ

182 2381 387 2419 rendum:
407 2384 448 2419 et
476 2383 588 2418 recte
617 2381 780 2431 quidem
799 2380 978 2420 Rankius
1010 2380 1290 2419 animadvertit
1318 2381 1399 2420 huc
1428 2383 1635 2432 pertinere

181 2449 283 2488 illud
323 2450 455 2500 ipsum
495 2448 789 2500 fragmentum,
831 2449 940 2500 quod
978 2449 1127 2488 Suidas
1169 2461 1207 2488 v.
1237 2447 1461 2495 Δαιταλεῖς
1498 2451 1633 2500 affert,
1714 2499 1716 2502 Ι

182 2522 376 2568 recteque
412 2517 591 2556 restituit
625 2517 705 2556 ibi:
741 2516 830 2563 τοῖς
860 2514 1139 2555 δαιταλεῦσιν
1176 2542 1230 2549 --
1269 2514 1544 2571 χαριζόμενος
1582 2516 1633 2558 τὸ

183 2582 329 2637 δρᾶμα
366 2581 486 2624 τοῦτ’
514 2581 753 2626 ιε’δείκνυεν.
811 2587 952 2637 Itaque
982 2589 1137 2625 certum
1175 2589 1250 2634 est,
1280 2590 1441 2639 poetam
1476 2587 1533 2626 ita
1570 2588 1633 2628 in·
1710 2583 1716 2595 ¹

182 2653 383 2701 stituisse,
413 2658 458 2694 ut
488 2656 619 2707 epulis
648 2655 772 2695 finitis
802 2655 916 2706 qnasi
946 2655 1084 2695 drama
1103 2654 1304 2706 quoddam
1333 2657 1500 2694 curante
1529 2667 1634 2708 rege
1703 2655 1705 2658 ⁴

182 2733 390 2762 sacrorum
432 2723 474 2763 in
511 2735 634 2764 scena
671 2723 959 2764 exhiberetur:
995 2723 1038 2764 in
1076 2723 1165 2776 ipsa
1200 2723 1323 2776 igitur
1355 2721 1493 2764 fabula
1519 2724 1636 2776 quasi
