1716 3164
689 123 993 172 οΛΚΛΔΕΣ.
1468 135 1580 179 1128

777 214 891 284 m.

286 320 536 378 Σκαφίδας,
565 320 778 380 μάκτρας,
809 322 1078 368 ΒΙοσσυνικὰ
1105 325 1388 382 μαζονομεῖα.

203 437 377 479 ΡΙιοΙίυε
407 452 448 492 p.
478 438 563 479 517
595 440 670 480 13:
709 436 970 495 Σκαφίδας·
1011 435 1063 479 οὐ
1097 434 1294 494 σκάφας,
1330 438 1387 482 τά
1416 439 1571 496 σκεύη·

89 503 326 560 Σκαφίδας
368 506 458 550 κτλ.
512 505 862 564 Ἀριστοᾳάνης.
931 510 1062 551 codex
1097 506 1228 562 μίξας
1264 525 1340 564 pro
1375 510 1572 569 μάκτρας

88 578 278 628 exhibet,
318 583 359 618 at
388 583 502 619 recte
536 579 705 630 Pollux,
748 581 817 633 qui
854 580 977 621 etiam
1019 579 1188 621 fabulae
1218 594 1369 622 nomen
1414 584 1570 626 addidit

86 648 124 688 X
155 649 261 688 102:
293 647 387 688 Καὶ
417 646 618 703 σκαφίδα
648 647 695 689 δὲ
724 647 806 700 τὴν
836 645 1038 704 σκάφην·
1071 645 1239 700 ταύτην
1267 649 1314 690 ἐν
1343 651 1440 699 ταῖς
1464 648 1569 693 εΟλ-

86 713 191 758 κάσι
219 717 331 770 λέγει
360 714 580 770 συντάξας
608 713 723 760 οὕτω
754 718 991 775 σκαφίδας,
1021 715 1232 774 μάκτρας.
1296 722 1464 764 IdemX
1482 725 1567 766 84:

85 787 141 829 τά
167 788 436 844 μαζονομεῖα
463 784 824 846 Ἀριστοφάνους
853 784 1053 839 εἰπόντος
1080 789 1127 830 ἐν
1153 785 1353 831 ’()λκάσι.

755 926 888 968 XVII.

133 1005 303 1063 Σπυρὶς
351 1002 405 1048 οὐ
444 1005 578 1063 μικρὰ
628 1009 703 1049 καὶ
744 1006 949 1064 κωρυκίς,
997 1004 1029 1058 ἢ
1062 1009 1137 1050 καὶ
1176 1007 1276 1059 τοὺς
1314 1005 1563 1064 μάττοντας

870 1090 1035 1147 ἐγείρει.

190 1178 436 1219 Eustathius
468 1193 508 1231 p.
540 1178 651 1219 1534
681 1180 756 1220 47:
797 1174 1009 1234 Κώρυκον
1047 1177 1093 1219 δὲ
1131 1174 1210 1218 τὸν
1246 1174 1452 1221 θύλακον
1489 1177 1560 1222 λέ-

78 1259 158 1299 γει.
189 1273 242 1280 -
265 1247 309 1288 οἱ
339 1246 385 1287 δὲ
415 1247 602 1289 παλαιοὶ
630 1248 704 1288 καὶ
735 1247 954 1302 κωρυκίδα
986 1247 1035 1289 τὸ
1068 1248 1271 1290 τοιοῦτον
1299 1248 1450 1299 σκεῦος
1477 1265 1559 1292 κα-

77 1315 227 1368 λοῦσι,
269 1314 541 1372 παράγοντες
570 1318 646 1359 καὶ
683 1315 1038 1374 Ἀριστοφάνους
1064 1318 1222 1374 χρῆσιν
1251 1317 1431 1371 ταύτην.
1492 1324 1559 1365 Ad

75 1387 285 1429 Holmdes
331 1390 438 1431 haec
483 1404 576 1431 esse
624 1390 847 1432 referenda
893 1392 1041 1432 Pollux
1086 1392 1209 1432 docet
1245 1392 1283 1432 X
1322 1394 1427 1432 172:
1478 1391 1558 1434 Εἴ-

74 1470 174 1507 ποις
202 1454 259 1498 ἂν
288 1485 343 1492 -
370 1460 447 1501 καὶ
475 1457 710 1515 κωρυκίδα,
738 1456 796 1508 ὥς
825 1459 871 1500 ἐν
903 1463 997 1508 ταῖς
1022 1456 1239 1500 Ὀλκάσιν
1276 1456 1556 1518 Ἀριστοφά-

74 1542 189 1578 νους.
249 1532 483 1585 Componas
513 1545 607 1573 cum
637 1546 759 1573 versu
786 1538 975 1573 extremo
996 1533 1220 1585 Sophoclis
1251 1545 1415 1574 versum
1444 1535 1556 1586 apud

0 1641 8 1645 -
75 1602 338 1643 scholiastam
368 1603 580 1656 Aristoph.
612 1603 722 1643 Plut.
753 1617 789 1643 v.
820 1603 932 1643 541:
960 1597 1332 1655 Ἔπεγειρομένων
1360 1602 1556 1658 κερκίδος

74 1663 240 1723 ὕμνοις,
270 1666 302 1721 ἦ
330 1669 430 1720 τοὺς
458 1666 668 1720 εὕδοντας
698 1668 860 1725 ἐγείρει.
932 1687 1055 1726 quem
1098 1686 1264 1714 versum
1303 1675 1402 1715 satis
1442 1676 1554 1715 cele-

74 1743 235 1784 brutum
265 1744 389 1784 etiam
418 1745 460 1784 in
493 1744 614 1785 Pluto
645 1745 826 1798 respexit
855 1750 999 1797 poeta:
1029 1738 1235 1796 Στιβάδα
1265 1739 1453 1796 σχοίνων
1480 1740 1554 1785 κό-

73 1823 183 1867 ρεων
218 1808 408 1867 μεστήν,
454 1809 487 1864 ἢ
522 1810 623 1862 τοὺς
660 1807 870 1862 εὕδοντας
908 1810 1061 1868 ἐγείρει
1098 1818 1141 1854 et
1176 1815 1352 1867 Eupolis
1387 1815 1430 1856 iu
1466 1817 1553 1858 An-

71 1883 246 1938 drogyn.
275 1884 347 1926 Fr.
381 1885 461 1928 IV:
492 1880 661 1925 τοιόνδε
691 1882 824 1934 ταῶν,
853 1878 903 1932 ὃς
931 1881 1032 1932 τοὺς
1061 1877 1270 1932 εὕδοντας
1298 1880 1464 1940 ἐγείρει.

729 1998 886 2040 XVIII.

142 2077 383 2135 Σκόμβροι,
412 2076 571 2132 κολίαι,
601 2077 760 2135 λεβίαι,
791 2077 961 2137 μύλλοι,
994 2076 1228 2134 σαπέρδαι,
1259 2072 1482 2126 θυννίδες.

181 2185 420 2226 Athenaeus
451 2183 513 2224 111
551 2197 593 2237 p.
625 2185 708 2224 118
738 2185 797 2224 D:
836 2175 1120 2234 [θίῖνημονεύει
1161 2177 1207 2219 δὲ
1248 2175 1336 2219 τῶν
1370 2173 1550 2232 μύλλων

70 2253 146 2294 καὶ
171 2247 508 2308 Ἀριστοφάνης
536 2250 583 2291 ἐν
607 2248 846 2292 Ὁλκάσιν·
880 2247 1108 2304 Σκόμβροι
1137 2249 1227 2291 κτλ.
1287 2246 1433 2301 λεβίαι
1446 2249 1548 2291 Din-

45 2324 230 2366 'dorfius
258 2322 440 2375 scripsit,
469 2322 592 2376 vulgo
623 2319 774 2373 λὲβιοι.

773 2433 886 2474 ΧΙΧ.

59 2509 127 2560 ³52
159 2514 458 2571 κακοδαίμων,
489 2509 610 2564 ὅστις
639 2514 686 2556 ἐν
712 2508 831 2572 ἅλμῃ
860 2513 1034 2570 πρῶτον
1052 2510 1257 2569 τριχίδων
1279 2507 1548 2567 ἀπεβάφθη.

182 2633 423 2675 Athenaeus
451 2630 532 2672 Vll
561 2643 603 2683 p.
633 2630 716 2670 329
746 2630 804 2670 B:
839 2621 1177 2682 ’Λριστοφάνης
1211 2622 1263 2665 δ’
1305 2623 1352 2666 ἕν
1386 2619 1548 2666 ‘Oani-

71 2711 164 2741 σιν·
187 2689 255 2741 ³52
284 2696 562 2754 κακόδαιμον
590 2697 752 2740 κτλ.--
781 2695 883 2747 τοὺς
910 2694 996 2752 γὰρ
1024 2691 1084 2745 εἰς
1113 2692 1165 2736 τὸ
1194 2690 1547 2752 ἀπανθρακίζειν

1173 2767 1227 2807 71
1260 2767 1278 2789 *
1299 2779 1308 2783 “
