1716 3164
173 195 256 237 828
786 192 986 234 ALcAm

174 304 281 346 ἑλών
306 301 359 345 οὐ
386 299 527 356 μῆνας
555 300 645 343 κτλ.
714 302 773 342 lta
801 302 993 343 Krelilius
1030 303 1159 344 edidit
1195 317 1244 346 ex
1272 307 1529 355 coniectura,
1569 311 1614 348 ut

173 378 353 423 videtur3
383 385 474 413 nam
491 372 709 412 Putschius
736 373 793 412 ita
822 367 1224 425 ὁτηγεχελονμῆνας.
1253 376 1483 415 Cod.Mon.
1504 377 1613 428 apud

173 443 437 497 Spengelium
495 441 681 492 Append.
727 442 921 482 varronis
966 456 1006 494 p.
1045 443 1126 481 620
1186 438 1613 483 offlleEAONTJ

174 509 403 552 MENAG.
436 511 479 550 In
510 523 590 560 quo
619 515 804 562 apertum
836 515 897 550 est
926 511 1054 550 latere
1083 506 1178 558 ὁτιὴ
1208 506 1362 563 σχεδόν
1393 524 1433 550 τι
1460 511 1613 564 μῆνας.

171 584 307 634 Atque
342 582 398 620 ita
442 580 603 618 collatio
642 579 840 631 Scaligeri
879 581 985 631 apud
1027 581 1228 619 editorem
1267 580 1467 631 Scapulae
1506 583 1612 622 Oxo-

171 651 337 695 niensis.
393 651 455 691 Ex
486 649 628 689 eadem
658 662 716 689 vs.
747 650 774 689 2
804 650 960 690 correxi
991 650 1176 690 vitiosum
1207 644 1469 703 φρουρατόν.

864 760 914 798 11.

279 842 549 886 Antiatticista
578 853 617 893 p.
645 842 697 880 91
730 841 795 880 17.
837 835 1216 882 Ἐδιακόνουνε
1259 836 1468 889 Ἀλκαῖος
1517 839 1612 883 Ἐν-

169 910 365 968 δυμίωνι.
424 912 472 953 V.
508 911 745 951 Piersonum
776 910 826 950 ad
857 912 990 952 Moer.
1021 924 1062 964 p.
1095 912 1188 952 122.

787 1022 860 1062 111.
920 1023 988 1064 lv.

281 1114 426 1156 Pollux
457 1110 513 1151 lx
542 1109 622 1150 532
653 1106 703 1148 τὸ
735 1107 779 1148 δὲ
807 1107 853 1148 ἐν
882 1110 976 1158 ταῖς
994 1105 1221 1164 Κράτητος
1242 1105 1432 1163 Τόλμαις
1450 1107 1614 1164 Πρῶτοι

168 1185 247 1239 μὲν
283 1180 561 1227 ταλαντιαῖος
596 1171 715 1227 ὅστις
751 1174 844 1219 ἔστ’
876 1174 1021 1219 αὐτῶν
1059 1178 1173 1232 λέγε,
1215 1174 1380 1228 ἄδηλον
1416 1177 1498 1218 εἴτε
1547 1192 1614 1218 τι-

168 1250 258 1308 μὴν
284 1251 365 1292 εἴτε
395 1247 535 1306 ῥοπὴν
563 1247 695 1301 λέγει,
734 1241 878 1302 ὥσπερ
917 1242 1025 1288 ὅταν
1060 1244 1268 1295 Ἀλκαῖος
1304 1243 1327 1287 ὁ
1356 1245 1541 1301 κωμικὸς
1570 1246 1616 1287 ἐν

166 1318 433 1375 Ἐνδυμίωνι
455 1318 553 1374 εἴπῃ
584 1312 912 1370 νοσημάτων
941 1314 1336 1358 ταλαντιαίων.
1381 1319 1442 1358 De
1470 1317 1615 1358 formis

167 1395 375 1436 nominum
405 1391 621 1430 verborum
650 1388 918 1428 numeralium
958 1392 999 1428 et
1037 1387 1319 1440 ponder-alium
1357 1387 1397 1426 in
1439 1399 1535 1434 αιος
1571 1392 1613 1427 et

167 1476 280 1510 ιαιος
318 1461 417 1502 dixit
446 1459 674 1499 Lobeckius
710 1458 759 1497 ad
791 1457 943 1509 Phryn.
973 1470 1013 1509 1).
1041 1456 1138 1497 544.
1169 1450 1418 1508 Νοσήματα
1447 1454 1612 1494 ταλαν-

165 1535 289 1573 τιαῖα
327 1530 425 1571 dicit
463 1528 639 1568 fortasse
677 1526 842 1567 morbos
883 1539 957 1578 pro
995 1538 1169 1578 quorum
1209 1525 1368 1566 medela
1416 1525 1614 1565 talentum

167 1602 327 1644 medico
366 1596 661 1640 numerandum
702 1600 801 1636 erat.
868 1597 983 1647 Quae
1020 1596 1113 1636 vide
1150 1609 1201 1636 un
1230 1598 1416 1647 spectent
1443 1594 1494 1634 ad
1521 1594 1613 1633 irri-

167 1673 324 1713 sionem
366 1669 550 1722 Gorgiae
588 1666 758 1714 medici,
798 1677 919 1716 quem
951 1665 1143 1705 Alcaeum
1171 1665 1219 1704 in
1260 1664 1337 1703 hac
1376 1664 1515 1704 fabula
1552 1663 1615 1703 in-

167 1741 331 1781 duxisse
367 1739 516 1778 docent
553 1736 708 1776 scholia
745 1734 1028 1809 Aristophanis
1066 1736 1141 1775 Av.
1182 1734 1312 1773 1707:
1356 1721 1411 1781 ἦν
1456 1730 1501 1770 δὲ
1540 1731 1616 1771 καὶ

167 1808 309 1862 ἔτερος
339 1801 596 1858 Γοργίας,
637 1797 796 1856 ιατρός,
835 1801 887 1841 οὑ
914 1798 1172 1855 μνημονεύει
1209 1798 1413 1848 Ἀλκαῖος
1440 1798 1487 1839 ἐν
1512 1796 1615 1840 'Ev-

166 1874 364 1932 δυμίωνι.
422 1875 610 1916 Eundem
648 1874 839 1926 Gorgiam
879 1875 999 1914 etiam
1037 1887 1060 1913 a
1089 1873 1214 1913 Suida
1253 1871 1399 1913 alicubi
1437 1883 1614 1913 comme-

167 1947 325 1990 morari
346 1945 524 1986 memini.

761 2078 1016 2086 Ἠ

481 2213 792 2274 ΝΙΕΡΟΣ
846 2212 1187 2255 ΓΑΜΟΣ.
1247 2218 1287 2265 *)

873 2337 903 2376 1.

389 2414 671 2473 Ἀνὸράποδα
700 2417 837 2468 πέντε,
867 2415 1055 2458 πωλικὸν
1084 2416 1224 2470 ζεῦγος
1254 2417 1381 2470 βοῶν.

283 2533 453 2572 Photius
483 2532 580 2571 Lex.
611 2545 651 2583 p.
673 2531 754 2570 479
785 2531 838 2570 4:
869 2526 1020 2568 Πῶλοι
1049 2529 1122 2568 καὶ
1151 2527 1224 2568 ἐπὶ
1252 2526 1380 2581 βοῶν.
1410 2524 1614 2575 Ἀλκαῖος

171 2601 217 2642 ἐν
241 2597 361 2655 Ἱερῷ
389 2595 510 2655 γάμῳ
534 2594 825 2653 Ἀνδράποὸα
854 2597 1067 2653 πέμπεται
1097 2595 1285 2639 πωλικὸν
1313 2595 1454 2650 ζεῦγος
1483 2594 1613 2650 βοῶν.

265 2743 296 2786 ⁸)
319 2742 359 2778 V.
383 2740 471 2776 Hist.
497 2743 571 2778 crit.
595 2755 630 2788 p.
654 2743 733 2780 247.
