1716 3164
655 161 763 203 Tm
769 159 1016 204 ΦΑΛΗΣ.
1457 165 1477 204 l
1487 163 1568 206 loa

563 434 1117 480 ΤΡΙΦΛᾹΗΣ.

206 597 326 637 Hanc
383 596 563 636 fabulam
611 600 907 636 commemorat
964 596 1133 635 Lucian.
1180 596 1359 648 Fugitiv.
1408 610 1444 638 c.
1488 598 1569 639 32:

90 661 220 706 Ἐστί
260 679 300 707 τι
328 655 485 719 ὦγαθὲ
518 661 789 719 Τρικάρανος
820 660 1020 717 βιβλίον·
1066 661 1206 704 Οὐδὲν
1243 661 1437 716 ἄτοπον,
1477 667 1572 708 ἐπεὶ

94 737 167 777 καὶ
204 732 429 792 Τρίφάλης
459 734 544 776 τῶν
574 737 774 788 κωμικῶν
803 727 878 783 εἷς.
947 741 987 777 at
1028 738 1130 776 nihil
1171 738 1267 777 inde
1298 739 1351 778 de
1381 739 1570 780 instituto

93 814 421 862 argumentoque
453 809 647 849 dramatis
676 807 884 848 coniicias.
943 810 998 848 Et
1034 809 1064 848 1.
1098 809 1148 849 G.
1168 809 1451 850 Schneider-us
1480 812 1567 863 qui-

93 880 187 920 dem
224 881 276 921 ad
317 880 551 921 Aristotelis
594 880 715 920 Polit.
747 878 782 918 11
822 893 862 932 p.
893 878 979 918 51⁰
1022 880 1307 933 Triplialetem
1346 881 1573 923 obscenum

93 951 272 1004 aliquem
301 952 545 993 daemonem
575 949 704 990 fuisse
733 950 981 1002 suspicatur,
1012 950 1168 991 rectius
1198 964 1296 991 vero
1314 952 1571 996 Sueverniun

92 1022 134 1062 in
173 1023 406 1064 Comment.
445 1022 498 1062 de
537 1021 673 1062 Nubb.
712 1034 752 1072 p.
785 1021 974 1060 62—65
1011 1021 1153 1062 docuit
1195 1023 1271 1062 sub
1316 1023 1572 1076 Triphaletis

92 1093 259 1133 nomine
298 1092 555 1134 Alcibiadem
598 1091 877 1131 delitescere:
928 1091 1039 1132 hunc
1080 1093 1190 1133 enim
1228 1094 1270 1133 in
1313 1093 1392 1132 hac
1431 1094 1572 1136 fabula

92 1164 390 1216 Aristophanes
428 1163 686 1217 potissimum
717 1162 1007 1216 perstrinxisse
1048 1163 1226 1204 videtur.
1300 1165 1458 1205 Nititur
1500 1166 1573 1207 illa

93 1233 330 1274 coniectura
370 1234 546 1274 maxime
582 1233 783 1287 Hesychii
822 1235 982 1287 glossa:
1027 1228 1134 1272 Ἐπὶ
1187 1230 1434 1283 Φαληνίου,
1478 1228 1572 1278 vide

94 1305 166 1345 Fr.
196 1305 314 1346 xm.
345 1317 481 1358 neque
504 1303 612 1345 enim
647 1305 789 1346 dubito
820 1305 918 1357 quin
949 1308 991 1344 et
1021 1305 1310 1358 Aristophanis
1335 1319 1487 1348 nomen
1516 1309 1575 1349 ibi

94 1375 148 1415 eit
176 1376 502 1425 restituendum,
544 1380 586 1415 et
611 1376 683 1416 ille
712 1376 828 1416 locus
860 1376 911 1416 ad
940 1376 1050 1417 hanc
1079 1377 1337 1418 comoediam
1377 1379 1432 1418 sit
1462 1379 1575 1420 refe—

95 1446 263 1488 rendus.
333 1448 487 1487 Censet
518 1451 654 1487 autem
686 1447 938 1488 Suevernius
967 1448 1073 1487 hanc
1102 1447 1286 1488 fabulam
1316 1450 1503 1490 incidere
1530 1452 1574 1492 in

94 1517 258 1570 Olymp.
289 1517 364 1557 XC
395 1517 593 1566 mediam,
631 1530 735 1570 quae
775 1519 1013 1558 coniectura
1059 1519 1233 1558 maxime
1262 1521 1451 1560 firmatur
1482 1522 1575 1562 Ari-

93 1587 248 1633 starchi
289 1589 684 1628 commemoratione
724 1590 796 1629 Fr.
837 1589 894 1628 lx
940 1593 982 1628 et
1020 1588 1073 1639 Χ,
1111 1590 1165 1629 de
1207 1603 1286 1642 qua
1323 1604 1371 1630 re
1407 1591 1491 1631 dixi
1531 1593 1573 1633 in

93 1659 326 1699 Comment.
357 1673 396 1712 p.
428 1659 513 1699 342
542 1672 629 1712 seq.
694 1660 804 1700 Hinc
841 1660 965 1700 etiam
1008 1661 1272 1700 statuendum
1312 1667 1376 1702 est
1415 1663 1574 1703 Thera-

95 1741 258 1768 menem
288 1730 400 1769 illam
430 1730 588 1783 legem,
628 1744 748 1784 quam
780 1735 904 1785 poeta
935 1732 1184 1785 significavit
1215 1733 1284 1773 Fr.
1317 1734 1431 1784 vm,
1464 1735 1573 1775 circa

96 1798 206 1839 idem
239 1804 405 1855 tempus
435 1801 593 1841 tulisse.

816 1916 848 1956 l.

458 1998 698 2057 Λάβεσθε·
731 2005 804 2045 καὶ
835 2001 918 2061 γάρ
949 2003 1059 2049 ἐσθ’
1091 2002 1220 2061 ὁμοῦ.

210 2116 443 2157 Scholiasta
475 2117 662 2160 Platonis
691 2121 859 2174 p.38⁰:
885 2115 1032 2174 ’ομοῦ
1062 2116 1271 2174 σημαίνει
1301 2116 1352 2160 τὸ
1380 2116 1576 2172 ἐγγύς.-

90 2181 424 2241 Ἀριστοφάνης
459 2185 732 2243 Τριφάλητι·
769 2186 798 2239 ἡ
836 2188 919 2245 γὰρ
957 2191 1037 2231 τὸν
1071 2187 1335 2245 Τριᾳάλητα
1366 2188 1576 2232 τίκτουσεὲ

97 2269 209 2308 ᾳησι
236 2252 454 2307 Λάβεσθε
484 2257 574 2302 κτλ.
641 2263 708 2301 Ad
749 2263 922 2301 eandem
963 2263 1218 2314 Triphaletis
1257 2267 1429 2302 matrem
1470 2264 1576 2303 Sue-

98 2326 263 2366 vernius
293 2327 335 2366 in
366 2331 717 2379 commentatione
747 2331 799 2371 de
831 2328 955 2386 Γήρᾳ
985 2346 1025 2384 p.
1055 2332 1113 2371 44
1142 2345 1307 2371 versum
1339 2334 1448 2385 apud
1481 2333 1574 2373 Pol-

96 2396 230 2436 lucem
269 2397 434 2438 allatum
468 2399 506 2438 u
538 2400 588 2438 6:
635 2398 697 2441 Τὸ
736 2399 781 2440 δὲ
811 2398 958 2454 κύημα
994 2402 1068 2441 καὶ
1106 2397 1207 2447 κύος
1240 2396 1576 2455 Ἀριστοφάνη,-

96 2465 298 2517 κὲκληκεν
323 2460 465 2516 (Ἠτις
493 2463 650 2510 κύουσ’
684 2467 827 2526 ἐφάνη
859 2468 958 2520 κύος
991 2467 1235 2512 τοσουτονί.

807 2600 862 2640 11.

312 2675 508 2721 ’Ἔπειθ’
536 2673 637 2723 ὅσοι
666 2679 876 2738 παρῆσαν
905 2680 1115 2738 ἐπίσημοι
1144 2682 1260 2736 ξένοι

317 2761 656 2816 ἐπηκολούθουν
685 2763 976 2821 κήντιβόλουν
1005 2766 1325 2825 προσκείμενοι,
