1716 3164
227 163 340 205 1⁰18
429 192 443 205 .
744 165 1152 210 ARISTOPHANIS

229 274 364 315 locum
399 274 518 314 illum
565 287 614 314 ex
653 274 871 327 Phrynichi
913 275 1247 332 προπαρασκευῇ
1294 277 1547 335 σοφιστικῇ,
1591 288 1670 332 “qua

227 342 342 382 illum
380 342 620 394 frequenter
652 355 770 382 usum
811 357 902 384 esse
931 345 1010 384 alio
1040 345 1130 384 loco
1162 346 1471 397 demonstrabo,
1507 349 1669 388 desum-

228 415 314 450 tum
343 411 539 451 arbitror:
570 411 611 450 in
640 411 689 451 iis
718 424 815 452 sane
841 425 943 464 quae
972 414 1184 452 Bekkerus
1215 413 1363 463 edidit,
1393 416 1491 455 nihil
1520 417 1584 457 his
1614 417 1668 456 si-

227 479 324 518 mile
357 479 527 531 legitur,
568 484 609 519 at
638 481 870 520 memineris
903 495 949 521 ex
979 482 1134 533 ingenti
1165 476 1334 521 numero
1371 483 1565 524 librorum
1604 486 1667 525 vix

227 546 455 587 vicesimam
486 553 555 587 aut
583 549 827 589 tricesimam
856 556 1011 602 partem
1057 563 1148 590 esse
1188 555 1478 591 conservatam.
1534 554 1668 604 Atque

226 616 330 655 ratio
371 617 563 656 orationis
599 630 765 669 prorsus
808 623 870 658 est
907 619 1187 670 Phrynichea‚
1235 619 1302 670 qui
1352 620 1392 659 in
1432 619 1503 659 illo
1543 632 1667 670 opere

225 685 387 736 saepius
420 685 681 725 atticistarum
711 699 853 726 severa
869 692 1086 738 praecepta
1110 688 1299 735 correxit,
1330 688 1667 739 quemadmodum

224 751 325 792 fecit
351 754 391 792 in
422 754 597 793 Bekkeri
626 755 779 794 Anecd.
811 755 828 794 l
859 769 898 806 p.
928 757 982 795 47
1016 757 1088 803 193
1130 753 1355 807 Κέραμον,
1394 752 1459 802 ὠς
1488 751 1666 807 ἡμεῖς,

224 817 303 860 τὸν
331 819 401 860 ἐπὶ
431 818 508 860 τοῦ
538 821 726 872 στέγους.
783 823 841 861 sic
870 824 949 863 hoc
977 824 1068 864 loco
1106 818 1115 831 ‘
1134 822 1373 875 Υπηνέμια,
1410 822 1667 873 λέγουσιν

222 884 290 935 ὥς
317 883 486 940 ἡμεῖς.
545 904 635 930 nam
674 891 886 931 Atticistae
922 892 1028 932 hanc
1066 905 1209 932 vocem
1247 893 1549 945 improbabant,
1585 893 1665 933 vid.

222 959 385 1000 Moeris·
427 973 468 1012 p.
508 960 586 999 73:
638 952 957 1010 Ἀυεμιαῖον
977 971 987 982 ·
1043 953 1266 1006 Ἀττικῶς.
1336 955 1665 1011 ὑπηνέμιον,

219 1022 479 1075 “Ελληνικῶς
550 1027 747 1067 Similiter
775 1028 955 1068 Thomas
986 1029 1044 1068 M.
1059 1042 1098 1080 p.
1118 1030 1191 1068 68:
1220 1024 1440 1080 Ἀνεμια
1453 1029 1557 1066 ἴον·
1589 1025 1665 1079 οὐχ

222 1090 541 1148 ὑπηνέμιον.
613 1096 705 1135 Hoc
733 1096 782 1135 ab
813 1096 1073 1136 atticistarum
1103 1097 1354 1136 dubitatione
1384 1101 1428 1136 ut
1456 1098 1662 1145 liberaret,

222 1164 477 1218 Phrynichus
507 1164 787 1215 Aristophanis
817 1165 1076 1212 auctoritate,
1115 1177 1234 1216 quam
1275 1165 1437 1214 quidem
1467 1165 1537 1204 ille
1564 1165 1664 1221 {fecit

220 1233 398 1286 plurimi,
428 1244 542 1281 usus,
572 1232 721 1272 deinde
737 1244 855 1271 usum
878 1233 1063 1272 vocabuli
1092 1227 1316 1283 ἀνεμιαῖον
1346 1233 1542 1284 exemplis
1572 1234 1664 1272 illu-

219 1305 342 1351 strat,
378 1312 460 1341 uno
491 1301 671 1340 Platonis
701 1301 757 1350 (e
787 1302 1016 1341 Theaeteto
1045 1314 1085 1353 p.
1118 1301 1195 1340 151
1230 1302 1293 1350 Ε)
1333 1301 1460 1340 altero
1493 1303 1665 1341 Menan-

219 1370 304 1418 dri3
340 1370 485 1421 quibus
522 1369 688 1409 tertium
725 1370 819 1409 addi
856 1374 991 1422 potest
1030 1382 1079 1408 ex
1119 1370 1292 1409 Ararote
1321 1370 1426 1420 apud
1457 1370 1661 1409 Antiattic.

218 1438 348 1478 Bekk.
376 1438 529 1478 Anecd.
559 1437 575 1477 1
606 1451 645 1490 p.
675 1438 723 1479 81
760 1439 837 1478 32:
867 1432 1123 1490 Ἀνεμιαῐον
1149 1431 1251 1478 ω’όν.
1311 1433 1501 1476 Πλάτων
1534 1435 1661 1477 Θεαι-

219 1501 348 1561 τήτῳ,
373 1499 574 1560 Ἀραρώς
603 1505 771 1547 Καινεῖ.

444 1721 534 1763 Καὶ
564 1717 689 1760 ταῦτ’
723 1718 874 1773 ἔχοντα
906 1719 1151 1769 πουλύπους
1179 1720 1251 1760 καὶ
1282 1718 1442 1770 σηπίας

444 1802 532 1844 Τὸν
561 1799 810 1844 πουλύπουν
836 1798 1050 1855 μοῦθηκε.

437 1885 617 1939 Πληγαὶ
645 1886 842 1938 λέγονται
869 1882 1091 1926 πουλύπου
1121 1883 1393 1938 πιλουμένου.

327 1998 562 2041 Athenaeus
593 1998 669 2038 Vll
699 2011 739 2049 p.
769 1998 851 2036 316
886 1995 942 2037 B:
979 1994 1029 2035 τὸ
1068 1994 1113 2034 δὲ
1149 1992 1352 2034 πώλυπον
1389 1992 1524 2044 λέγειν
1550 1986 1660 2033 Αἰο-

216 2062 353 2105 λικόν’
398 2061 595 2105 Ἀττικοὶ
635 2062 717 2117 γὰρ
760 2061 1013 2103 πουλύπουν
1054 2062 1265 2114 λέγουσιν.
1331 2057 1659 2117 ’χΑριστοφάνης

216 2130 439 2189 Δαιδάλῳ·
476 2130 616 2173 ταῦθ’
656 2130 804 2171 εἴκοντα
835 2131 958 2173 πουλ.
988 2130 1076 2171 κτλ.
1115 2131 1190 2171 καὶ
1228 2127 1360 2171 πάλιν
1395 2130 1471 2170 τὸν
1499 2128 1658 2170 πουλύ-

215 2195 326 2242 πουν
354 2216 429 2255 μοι
467 2199 599 2250 ἔθηκε
640 2201 711 2239 καὶ
741 2197 873 2239 πάλιν
903 2200 1066 2252 πληγαὶ
1094 2199 1183 2244 κτλ.
1253 2201 1424 2240 Versum
1457 2202 1477 2239 l
1519 2214 1657 2241 emen-

216 2273 412 2315 datiorem
450 2273 614 2315 exhibet
654 2271 889 2313 Athenaeus
928 2271 1002 2311 vu
1040 2284 1080 2322 p.
1111 2271 1193 2309 323
1226 2271 1281 2308 ΕΞ
1323 2265 1495 2315 Σηπία·
1536 2266 1656 2325 Ἀρι-

215 2337 440 2395 στοφάνης
482 2338 670 2379 Δανα-ΐσι
712 2340 832 2388 (cod.
878 2338 1170 2387 Λιιναοῐσιν)·
1215 2335 1306 2375 Καὶ
1348 2331 1471 2376 ταῦτ’
1505 2333 1656 2389 ἔχοντα

215 2407 376 2458 σηπίας
413 2409 485 2448 καὶ
529 2404 794 2454 πουλύπους,
838 2409 892 2446 ita
930 2414 973 2447 ut
1002 2420 1098 2447 sane
1129 2406 1350 2447 Danaidum
1389 2418 1534 2445 nomen
1566 2419 1654 2446 cor-

212 2486 376 2532 ruptum
409 2491 500 2518 esse
541 2478 746 2525 videatur,
782 2478 857 2516 nisi
894 2476 1001 2515 forte
1040 2460 1312 2522 statuendum,
1343 2475 1653 2526 Aristophanem

213 2548 253 2587 in
284 2555 454 2603 utraque
484 2547 693 2587 comoedia
723 2545 896 2585 eundem
925 2546 1137 2596 repetiisse
1164 2555 1337 2590 versum,
1365 2542 1477 2594 quod
1503 2555 1653 2594 nequa„

209 2629 327 2669 quam
357 2630 381 2656 a
410 2607 758 2656 verisimilitudine
786 2614 992 2661 abhorret,
1024 2614 1103 2653 vid.
1134 2613 1183 2652 ad
1214 2611 1455 2652 Aeolosicon
1473 2611 1542 2650 Fr.
1561 2612 1650 2654 Vll.

215 2686 284 2728 Vs,
315 2686 340 2727 2
377 2679 575 2735 μοῦθηκε
615 2684 781 2739 scripsi,
820 2682 894 2723 nisi
925 2682 1042 2723 'forte
1070 2685 1244 2737 praestat
1271 2690 1308 2719 τ.
1339 2690 1382 2717 π.
1415 2678 1650 2732 παρέθηκε.
