<?xml version="1.0" encoding="UTF-8"?>
<!DOCTYPE html PUBLIC "-//W3C//DTD XHTML 1.0 Transitional//EN"
    "http://www.w3.org/TR/xhtml1/DTD/xhtml1-transitional.dtd">
<html xmlns="http://www.w3.org/1999/xhtml" xml:lang="en" lang="en">
 <head>
  <title>
</title>
<meta http-equiv="Content-Type" content="text/html;charset=utf-8" />
  <meta name='ocr-system' content='tesseract 3.04.00' />
  <meta name='ocr-capabilities' content='ocr_page ocr_carea ocr_par ocr_line ocrx_word'/>
</head>
<body>
  <div class='ocr_page' id='page_1' title='image "./fragmentacomicor02meinuoft_0381.png"; bbox 0 0 1716 3164; ppageno 0'>
   <div class='ocr_carea' id='block_1_1' title="bbox 624 161 1585 220">
    <p class='ocr_par' dir='ltr' id='par_1_1' title="bbox 624 161 1585 220">
     <span class='ocr_line' id='line_1_1' title="bbox 624 161 1585 220; baseline -0.003 -12"><span class='ocrx_word' id='word_1_1' title='bbox 624 161 1044 214; x_wconf 76' lang='grc' dir='ltr'><em>ΒΑΒΥΛΩΝΙΟΙ.</em></span> <span class='ocrx_word' id='word_1_2' title='bbox 1496 169 1585 220; x_wconf 70' lang='lat'><strong>979</strong></span> 
     </span>
    </p>
   </div>
   <div class='ocr_carea' id='block_1_2' title="bbox 87 272 1588 1182">
    <p class='ocr_par' dir='ltr' id='par_1_2' title="bbox 87 272 1588 1182">
     <span class='ocr_line' id='line_1_2' title="bbox 103 272 1586 337; baseline 0 -16"><span class='ocrx_word' id='word_1_3' title='bbox 103 276 278 327; x_wconf 76' lang='grc' dir='ltr'><em>αὑτὸν</em></span> <span class='ocrx_word' id='word_1_4' title='bbox 306 272 480 337; x_wconf 65' lang='grc' dir='ltr'><em>ᾔτουν</em></span> <span class='ocrx_word' id='word_1_5' title='bbox 514 277 604 324; x_wconf 77' lang='grc' dir='ltr'><strong>ἐπὶ</strong></span> <span class='ocrx_word' id='word_1_6' title='bbox 630 292 731 330; x_wconf 88' lang='grc' dir='ltr'><strong>την</strong></span> <span class='ocrx_word' id='word_1_7' title='bbox 761 275 920 330; x_wconf 85' lang='grc' dir='ltr'><em>δίκην</em></span> <span class='ocrx_word' id='word_1_8' title='bbox 957 274 1287 320; x_wconf 75' lang='grc' dir='ltr'><strong><em>ἀπελθόντα</em></strong></span> <span class='ocrx_word' id='word_1_9' title='bbox 1324 274 1586 337; x_wconf 78' lang='grc' dir='ltr'><em>ὀξυβάφῳ</em></span> 
     </span>
     <span class='ocr_line' id='line_1_3' title="bbox 100 340 1587 408; baseline 0 -16"><span class='ocrx_word' id='word_1_10' title='bbox 100 346 212 392; x_wconf 76' lang='grc' dir='ltr'><em>δύο.</em></span> <span class='ocrx_word' id='word_1_11' title='bbox 255 347 309 391; x_wconf 85' lang='grc' dir='ltr'><strong>οὐ</strong></span> <span class='ocrx_word' id='word_1_12' title='bbox 338 347 421 405; x_wconf 87' lang='grc' dir='ltr'><strong>γὰρ</strong></span> <span class='ocrx_word' id='word_1_13' title='bbox 450 346 558 394; x_wconf 80' lang='grc' dir='ltr'><em>ἄλλο</em></span> <span class='ocrx_word' id='word_1_14' title='bbox 590 363 632 391; x_wconf 88' lang='grc' dir='ltr'><em>τι</em></span> <span class='ocrx_word' id='word_1_15' title='bbox 656 346 839 402; x_wconf 84' lang='grc' dir='ltr'><em>ηγητιόν</em></span> <span class='ocrx_word' id='word_1_16' title='bbox 868 340 983 391; x_wconf 72' lang='grc' dir='ltr'><em>εἶναι</em></span> <span class='ocrx_word' id='word_1_17' title='bbox 1012 345 1040 401; x_wconf 80' lang='grc' dir='ltr'><em>ἢ</em></span> <span class='ocrx_word' id='word_1_18' title='bbox 1069 343 1139 391; x_wconf 80' lang='grc' dir='ltr'><em>ὅτι</em></span> <span class='ocrx_word' id='word_1_19' title='bbox 1167 345 1406 405; x_wconf 79' lang='grc' dir='ltr'><em>ἐκπώματα</em></span> <span class='ocrx_word' id='word_1_20' title='bbox 1430 346 1587 408; x_wconf 77' lang='grc' dir='ltr'><em>ᾔτουν.</em></span> 
     </span>
     <span class='ocr_line' id='line_1_4' title="bbox 94 422 1586 476; baseline 0.001 -11"><span class='ocrx_word' id='word_1_21' title='bbox 94 422 308 469; x_wconf 75' lang='lat' dir='ltr'><strong>Bacchum</strong></span> <span class='ocrx_word' id='word_1_22' title='bbox 338 424 465 476; x_wconf 81' lang='lat' dir='ltr'><strong>igitur</strong></span> <span class='ocrx_word' id='word_1_23' title='bbox 494 423 655 463; x_wconf 77' lang='lat' dir='ltr'><strong>induxit</strong></span> <span class='ocrx_word' id='word_1_24' title='bbox 686 428 822 474; x_wconf 86' lang='lat' dir='ltr'><strong>poeta,</strong></span> <span class='ocrx_word' id='word_1_25' title='bbox 855 435 979 474; x_wconf 88' lang='lat' dir='ltr'><strong>quem</strong></span> <span class='ocrx_word' id='word_1_26' title='bbox 999 423 1074 462; x_wconf 88' lang='lat' dir='ltr'><strong>viri</strong></span> <span class='ocrx_word' id='word_1_27' title='bbox 1091 424 1315 476; x_wconf 81' lang='lat' dir='ltr'><strong>populares</strong></span> <span class='ocrx_word' id='word_1_28' title='bbox 1344 423 1387 464; x_wconf 91' lang='lat' dir='ltr'><strong>in</strong></span> <span class='ocrx_word' id='word_1_29' title='bbox 1418 424 1483 465; x_wconf 87' lang='lat' dir='ltr'><strong>ius</strong></span> <span class='ocrx_word' id='word_1_30' title='bbox 1512 436 1586 466; x_wconf 84' lang='lat' dir='ltr'><strong>vo-</strong></span> 
     </span>
     <span class='ocr_line' id='line_1_5' title="bbox 94 492 1588 547; baseline 0.001 -12"><span class='ocrx_word' id='word_1_31' title='bbox 94 499 314 543; x_wconf 75' lang='lat' dir='ltr'><strong>caverant,</strong></span> <span class='ocrx_word' id='word_1_32' title='bbox 354 495 404 533; x_wconf 90' lang='lat' dir='ltr'><strong>ab</strong></span> <span class='ocrx_word' id='word_1_33' title='bbox 445 506 578 546; x_wconf 86' lang='lat' dir='ltr'><strong>eoque</strong></span> <span class='ocrx_word' id='word_1_34' title='bbox 618 492 715 535; x_wconf 83' lang='lat' dir='ltr'><strong>satis</strong></span> <span class='ocrx_word' id='word_1_35' title='bbox 756 493 1023 545; x_wconf 87' lang='lat' dir='ltr'><strong>impudenter</strong></span> <span class='ocrx_word' id='word_1_36' title='bbox 1060 494 1170 534; x_wconf 87' lang='lat' dir='ltr'><strong>dona</strong></span> <span class='ocrx_word' id='word_1_37' title='bbox 1206 495 1468 547; x_wconf 82' lang='lat' dir='ltr'><strong>flagitabant,</strong></span> <span class='ocrx_word' id='word_1_38' title='bbox 1508 494 1588 537; x_wconf 84' lang='lat' dir='ltr'><strong>nisi</strong></span> 
     </span>
     <span class='ocr_line' id='line_1_6' title="bbox 99 563 1588 618; baseline -0.001 -12"><span class='ocrx_word' id='word_1_39' title='bbox 99 565 245 618; x_wconf 88' lang='lat' dir='ltr'><strong>capitis</strong></span> <span class='ocrx_word' id='word_1_40' title='bbox 276 564 461 604; x_wconf 88' lang='lat' dir='ltr'><strong>damnari</strong></span> <span class='ocrx_word' id='word_1_41' title='bbox 491 563 638 602; x_wconf 85' lang='lat' dir='ltr'><strong>vellet:</strong></span> <span class='ocrx_word' id='word_1_42' title='bbox 678 575 798 616; x_wconf 89' lang='lat' dir='ltr'><strong>quam</strong></span> <span class='ocrx_word' id='word_1_43' title='bbox 839 564 1060 616; x_wconf 74' lang='lat' dir='ltr'><strong>imaginem</strong></span> <span class='ocrx_word' id='word_1_44' title='bbox 1105 577 1198 604; x_wconf 91' lang='lat' dir='ltr'><strong>cum</strong></span> <span class='ocrx_word' id='word_1_45' title='bbox 1238 570 1588 616; x_wconf 77' lang='lat' dir='ltr'><strong>repraesentaret</strong></span> 
     </span>
     <span class='ocr_line' id='line_1_7' title="bbox 97 633 1586 689; baseline -0.001 -14"><span class='ocrx_word' id='word_1_46' title='bbox 97 642 243 688; x_wconf 83' lang='lat' dir='ltr'><strong>poeta,</strong></span> <span class='ocrx_word' id='word_1_47' title='bbox 283 634 472 677; x_wconf 88' lang='lat' dir='ltr'><strong>omnibus</strong></span> <span class='ocrx_word' id='word_1_48' title='bbox 507 633 702 689; x_wconf 26' lang='lat' dir='ltr'><strong>{profecto</strong></span> <span class='ocrx_word' id='word_1_49' title='bbox 752 634 796 674; x_wconf 90' lang='lat' dir='ltr'><strong>in</strong></span> <span class='ocrx_word' id='word_1_50' title='bbox 838 634 1080 674; x_wconf 78' lang='lat' dir='ltr'><strong>memoriam</strong></span> <span class='ocrx_word' id='word_1_51' title='bbox 1121 635 1330 681; x_wconf 87' lang='lat' dir='ltr'><strong>revocavit</strong></span> <span class='ocrx_word' id='word_1_52' title='bbox 1368 639 1586 687; x_wconf 77' lang='lat' dir='ltr'><strong>recentem</strong></span> 
     </span>
     <span class='ocr_line' id='line_1_8' title="bbox 99 703 1585 762; baseline -0.001 -16"><span class='ocrx_word' id='word_1_53' title='bbox 99 706 293 754; x_wconf 82' lang='lat' dir='ltr'><strong>iniuriam</strong></span> <span class='ocrx_word' id='word_1_54' title='bbox 312 705 437 750; x_wconf 79' lang='lat' dir='ltr'><strong>,illius</strong></span> <span class='ocrx_word' id='word_1_55' title='bbox 456 704 630 753; x_wconf 75' lang='lat' dir='ltr'><strong>judicii,</strong></span> <span class='ocrx_word' id='word_1_56' title='bbox 661 716 742 762; x_wconf 78' lang='lat' dir='ltr'><strong>quo</strong></span> <span class='ocrx_word' id='word_1_57' title='bbox 776 703 1070 744; x_wconf 84' lang='lat' dir='ltr'><strong>Phormionem</strong></span> <span class='ocrx_word' id='word_1_58' title='bbox 1102 704 1237 744; x_wconf 84' lang='lat' dir='ltr'><strong>virum</strong></span> <span class='ocrx_word' id='word_1_59' title='bbox 1266 705 1585 759; x_wconf 64' lang='lat' dir='ltr'><strong>integerrimum</strong></span> 
     </span>
     <span class='ocr_line' id='line_1_9' title="bbox 93 776 1585 830; baseline -0.001 -13"><span class='ocrx_word' id='word_1_60' title='bbox 93 777 500 826; x_wconf 74' lang='lat' dir='ltr'><strong>condemnaverant,</strong></span> <span class='ocrx_word' id='word_1_61' title='bbox 530 780 576 814; x_wconf 88' lang='lat' dir='ltr'><strong>ut</strong></span> <span class='ocrx_word' id='word_1_62' title='bbox 607 780 775 815; x_wconf 88' lang='lat' dir='ltr'><strong>centum</strong></span> <span class='ocrx_word' id='word_1_63' title='bbox 807 776 991 815; x_wconf 80' lang='lat' dir='ltr'><strong>solveret</strong></span> <span class='ocrx_word' id='word_1_64' title='bbox 1022 776 1165 816; x_wconf 88' lang='lat' dir='ltr'><strong>minas.</strong></span> <span class='ocrx_word' id='word_1_65' title='bbox 1227 788 1405 828; x_wconf 86' lang='lat' dir='ltr'><strong>namque</strong></span> <span class='ocrx_word' id='word_1_66' title='bbox 1446 776 1585 830; x_wconf 74' lang='lat' dir='ltr'><strong>ipsum</strong></span> 
     </span>
     <span class='ocr_line' id='line_1_10' title="bbox 100 845 1584 904; baseline -0.001 -16"><span class='ocrx_word' id='word_1_67' title='bbox 100 845 414 894; x_wconf 81' lang='lat' dir='ltr'><strong>Phormionem,</strong></span> <span class='ocrx_word' id='word_1_68' title='bbox 455 845 702 897; x_wconf 84' lang='lat' dir='ltr'><strong>praesertim</strong></span> <span class='ocrx_word' id='word_1_69' title='bbox 744 851 953 886; x_wconf 85' lang='lat' dir='ltr'><strong>mortuum</strong></span> <span class='ocrx_word' id='word_1_70' title='bbox 995 847 1037 886; x_wconf 88' lang='lat' dir='ltr'><strong>in</strong></span> <span class='ocrx_word' id='word_1_71' title='bbox 1067 859 1190 886; x_wconf 89' lang='lat' dir='ltr'><strong>scena</strong></span> <span class='ocrx_word' id='word_1_72' title='bbox 1215 847 1270 893; x_wconf 71' lang='lat' dir='ltr'><strong>=ab</strong></span> <span class='ocrx_word' id='word_1_73' title='bbox 1302 846 1584 904; x_wconf 77' lang='lat' dir='ltr'><strong>Aristophane</strong></span> 
     </span>
     <span class='ocr_line' id='line_1_11' title="bbox 88 905 1582 970; baseline 0.001 -13"><span class='ocrx_word' id='word_1_74' title='bbox 88 920 454 970; x_wconf 54' lang='lat' dir='ltr'><strong>‘repraesentatum</strong></span> <span class='ocrx_word' id='word_1_75' title='bbox 484 915 642 965; x_wconf 85' lang='lat' dir='ltr'><strong>fuisse,</strong></span> <span class='ocrx_word' id='word_1_76' title='bbox 680 930 760 956; x_wconf 91' lang='lat' dir='ltr'><strong>non</strong></span> <span class='ocrx_word' id='word_1_77' title='bbox 802 916 929 956; x_wconf 80' lang='lat' dir='ltr'><strong>facile</strong></span> <span class='ocrx_word' id='word_1_78' title='bbox 969 917 1230 958; x_wconf 86' lang='lat' dir='ltr'><strong>crediderim.</strong></span> <span class='ocrx_word' id='word_1_79' title='bbox 1291 905 1467 967; x_wconf 81' lang='lat' dir='ltr'><strong>Quinam</strong></span> <span class='ocrx_word' id='word_1_80' title='bbox 1507 929 1582 965; x_wconf 77' lang='lat' dir='ltr'><strong>au-</strong></span> 
     </span>
     <span class='ocr_line' id='line_1_12' title="bbox 87 985 1582 1042; baseline 0.001 -15"><span class='ocrx_word' id='word_1_81' title='bbox 87 991 181 1032; x_wconf 69' lang='lat' dir='ltr'><strong>tem</strong></span> <span class='ocrx_word' id='word_1_82' title='bbox 213 986 288 1026; x_wconf 81' lang='lat' dir='ltr'><strong>viri</strong></span> <span class='ocrx_word' id='word_1_83' title='bbox 318 986 542 1042; x_wconf 72' lang='lat' dir='ltr'><strong>populares</strong></span> <span class='ocrx_word' id='word_1_84' title='bbox 572 986 634 1031; x_wconf 82' lang='lat' dir='ltr'><strong>illi</strong></span> <span class='ocrx_word' id='word_1_85' title='bbox 665 985 838 1036; x_wconf 86' lang='lat' dir='ltr'><strong>fuerint,</strong></span> <span class='ocrx_word' id='word_1_86' title='bbox 869 987 938 1039; x_wconf 86' lang='lat' dir='ltr'><strong>qui</strong></span> <span class='ocrx_word' id='word_1_87' title='bbox 969 988 1173 1028; x_wconf 84' lang='lat' dir='ltr'><strong>vexabant</strong></span> <span class='ocrx_word' id='word_1_88' title='bbox 1202 987 1425 1036; x_wconf 89' lang='lat' dir='ltr'><strong>Bacchum,</strong></span> <span class='ocrx_word' id='word_1_89' title='bbox 1456 987 1582 1037; x_wconf 77' lang='lat' dir='ltr'><strong>facile</strong></span> 
     </span>
     <span class='ocr_line' id='line_1_13' title="bbox 95 1057 1582 1110; baseline 0.004 -17"><span class='ocrx_word' id='word_1_90' title='bbox 95 1066 315 1106; x_wconf 75' lang='lat' dir='ltr'><strong>possumus</strong></span> <span class='ocrx_word' id='word_1_91' title='bbox 369 1057 610 1098; x_wconf 88' lang='lat' dir='ltr'><strong>coniectura</strong></span> <span class='ocrx_word' id='word_1_92' title='bbox 654 1057 844 1109; x_wconf 88' lang='lat' dir='ltr'><strong>assequi:</strong></span> <span class='ocrx_word' id='word_1_93' title='bbox 899 1058 1031 1098; x_wconf 89' lang='lat' dir='ltr'><strong>Cleon</strong></span> <span class='ocrx_word' id='word_1_94' title='bbox 1078 1059 1251 1110; x_wconf 89' lang='lat' dir='ltr'><strong>eiusque</strong></span> <span class='ocrx_word' id='word_1_95' title='bbox 1301 1057 1404 1098; x_wconf 88' lang='lat' dir='ltr'><strong>socii</strong></span> <span class='ocrx_word' id='word_1_96' title='bbox 1449 1060 1582 1108; x_wconf 79' lang='lat' dir='ltr'><strong>erant,</strong></span> 
     </span>
     <span class='ocr_line' id='line_1_14' title="bbox 97 1128 1442 1182; baseline 0.002 -17"><span class='ocrx_word' id='word_1_97' title='bbox 97 1137 271 1177; x_wconf 83' lang='lat' dir='ltr'><strong>quorum</strong></span> <span class='ocrx_word' id='word_1_98' title='bbox 297 1128 609 1180; x_wconf 82' lang='lat' dir='ltr'><strong>protervitatem</strong></span> <span class='ocrx_word' id='word_1_99' title='bbox 642 1129 888 1182; x_wconf 82' lang='lat' dir='ltr'><strong>saepissime</strong></span> <span class='ocrx_word' id='word_1_100' title='bbox 924 1128 1098 1180; x_wconf 82' lang='lat' dir='ltr'><strong>castigat</strong></span> <span class='ocrx_word' id='word_1_101' title='bbox 1127 1128 1442 1181; x_wconf 83' lang='lat' dir='ltr'><strong>Aristophanes.</strong></span> 
     </span>
    </p>
   </div>
   <div class='ocr_carea' id='block_1_3' title="bbox 724 1253 1408 1394">
    <p class='ocr_par' dir='ltr' id='par_1_3' title="bbox 724 1253 1408 1394">
     <span class='ocr_line' id='line_1_15' title="bbox 765 1253 922 1295; baseline -0.006 -2"><span class='ocrx_word' id='word_1_102' title='bbox 765 1253 922 1295; x_wconf 83' lang='lat' dir='ltr'><strong>xvlu.</strong></span> 
     </span>
     <span class='ocr_line' id='line_1_16' title="bbox 724 1338 1408 1394; baseline -0.001 -12"><span class='ocrx_word' id='word_1_103' title='bbox 724 1342 780 1382; x_wconf 80' lang='lat' dir='ltr'><strong>A.</strong></span> <span class='ocrx_word' id='word_1_104' title='bbox 814 1343 889 1383; x_wconf 71' lang='grc' dir='ltr'><strong>Δεῖ</strong></span> <span class='ocrx_word' id='word_1_105' title='bbox 917 1338 1156 1381; x_wconf 76' lang='grc' dir='ltr'><em>διακοσίων</em></span> <span class='ocrx_word' id='word_1_106' title='bbox 1187 1338 1408 1394; x_wconf 81' lang='grc' dir='ltr'><em>δραχμῶν.</em></span> 
     </span>
    </p>
   </div>
   <div class='ocr_carea' id='block_1_4' title="bbox 123 1413 1583 1479">
    <p class='ocr_par' dir='ltr' id='par_1_4' title="bbox 123 1413 1583 1479">
     <span class='ocr_line' id='line_1_17' title="bbox 123 1413 1583 1479; baseline 0.003 -17"><span class='ocrx_word' id='word_1_107' title='bbox 123 1420 178 1462; x_wconf 84' lang='grc' dir='ltr'><strong>Β.</strong></span> <span class='ocrx_word' id='word_1_108' title='bbox 216 1418 379 1462; x_wconf 69' lang='grc' dir='ltr'><em>Πόθεν</em></span> <span class='ocrx_word' id='word_1_109' title='bbox 407 1413 488 1464; x_wconf 82' lang='grc' dir='ltr'><em>οὖν</em></span> <span class='ocrx_word' id='word_1_110' title='bbox 516 1423 701 1477; x_wconf 75' lang='grc' dir='ltr'><strong>γένοιντ’</strong></span> <span class='ocrx_word' id='word_1_111' title='bbox 736 1422 817 1475; x_wconf 81' lang='grc' dir='ltr'><strong>ἄν;</strong></span> <span class='ocrx_word' id='word_1_112' title='bbox 847 1426 905 1468; x_wconf 91' lang='grc' dir='ltr'><strong>Α.</strong></span> <span class='ocrx_word' id='word_1_113' title='bbox 942 1424 1032 1466; x_wconf 84' lang='grc' dir='ltr'><strong>Τόν</strong></span> <span class='ocrx_word' id='word_1_114' title='bbox 1060 1421 1246 1466; x_wconf 85' lang='grc' dir='ltr'><em>κότυλον</em></span> <span class='ocrx_word' id='word_1_115' title='bbox 1274 1422 1435 1465; x_wconf 83' lang='grc' dir='ltr'><em>τοῦτον</em></span> <span class='ocrx_word' id='word_1_116' title='bbox 1464 1421 1583 1479; x_wconf 78' lang='grc' dir='ltr'><em>φέρε.</em></span> 
     </span>
    </p>
   </div>
   <div class='ocr_carea' id='block_1_5' title="bbox 86 1532 1589 2294">
    <p class='ocr_par' dir='ltr' id='par_1_5' title="bbox 86 1532 1589 2294">
     <span class='ocr_line' id='line_1_18' title="bbox 209 1532 1583 1593; baseline 0 -18"><span class='ocrx_word' id='word_1_117' title='bbox 209 1535 354 1579; x_wconf 79' lang='lat' dir='ltr'><strong>Pollux</strong></span> <span class='ocrx_word' id='word_1_118' title='bbox 386 1539 422 1579; x_wconf 91' lang='lat' dir='ltr'>X</span> <span class='ocrx_word' id='word_1_119' title='bbox 461 1540 539 1580; x_wconf 86' lang='lat'><strong>85:</strong></span> <span class='ocrx_word' id='word_1_120' title='bbox 590 1537 644 1580; x_wconf 87' lang='grc' dir='ltr'><strong>Οἱ</strong></span> <span class='ocrx_word' id='word_1_121' title='bbox 683 1536 860 1581; x_wconf 83' lang='grc' dir='ltr'><em>κότυλοι</em></span> <span class='ocrx_word' id='word_1_122' title='bbox 899 1532 969 1580; x_wconf 80' lang='grc' dir='ltr'><em>ὅτι</em></span> <span class='ocrx_word' id='word_1_123' title='bbox 1012 1539 1088 1580; x_wconf 87' lang='grc' dir='ltr'><strong>καὶ</strong></span> <span class='ocrx_word' id='word_1_124' title='bbox 1132 1535 1319 1593; x_wconf 77' lang='grc' dir='ltr'><em>ἀργυροῖ</em></span> <span class='ocrx_word' id='word_1_125' title='bbox 1356 1533 1583 1589; x_wconf 78' lang='grc' dir='ltr'><em>ἐγίγνοντο</em></span> 
     </span>
     <span class='ocr_line' id='line_1_19' title="bbox 96 1601 1589 1665; baseline -0.001 -19"><span class='ocrx_word' id='word_1_126' title='bbox 96 1604 245 1655; x_wconf 79' lang='grc' dir='ltr'><em>ἱκανὸς</em></span> <span class='ocrx_word' id='word_1_127' title='bbox 283 1607 480 1661; x_wconf 83' lang='grc' dir='ltr'><em>μηνῦσαι</em></span> <span class='ocrx_word' id='word_1_128' title='bbox 522 1605 858 1665; x_wconf 80' lang='grc' dir='ltr'><em>Ἀριστοφάνης</em></span> <span class='ocrx_word' id='word_1_129' title='bbox 895 1610 942 1650; x_wconf 77' lang='grc' dir='ltr'><em>ἐν</em></span> <span class='ocrx_word' id='word_1_130' title='bbox 970 1605 1280 1662; x_wconf 77' lang='grc' dir='ltr'><em>Βαβυλωνίοις</em></span> <span class='ocrx_word' id='word_1_131' title='bbox 1309 1601 1465 1648; x_wconf 70' lang='grc' dir='ltr'><em>εἰπών·</em></span> <span class='ocrx_word' id='word_1_132' title='bbox 1508 1604 1589 1650; x_wconf 81' lang='grc' dir='ltr'><strong>Δεῖ</strong></span> 
     </span>
     <span class='ocr_line' id='line_1_20' title="bbox 86 1669 1583 1737; baseline -0.002 -18"><span class='ocrx_word' id='word_1_133' title='bbox 86 1675 336 1719; x_wconf 83' lang='grc' dir='ltr'><em>,διακοσίων</em></span> <span class='ocrx_word' id='word_1_134' title='bbox 365 1678 459 1720; x_wconf 88' lang='grc' dir='ltr'><em>κτλ.</em></span> <span class='ocrx_word' id='word_1_135' title='bbox 520 1682 717 1722; x_wconf 84' lang='lat' dir='ltr'><strong>Fortasse</strong></span> <span class='ocrx_word' id='word_1_136' title='bbox 743 1687 933 1737; x_wconf 75' lang='lat' dir='ltr'><strong>praestat</strong></span> <span class='ocrx_word' id='word_1_137' title='bbox 962 1683 1087 1723; x_wconf 88' lang='lat' dir='ltr'><strong>lectio</strong></span> <span class='ocrx_word' id='word_1_138' title='bbox 1119 1681 1211 1721; x_wconf 88' lang='lat' dir='ltr'><strong>cod.</strong></span> <span class='ocrx_word' id='word_1_139' title='bbox 1244 1680 1455 1732; x_wconf 82' lang='lat' dir='ltr'><strong>lungerm.</strong></span> <span class='ocrx_word' id='word_1_140' title='bbox 1479 1669 1583 1720; x_wconf 76' lang='grc' dir='ltr'><em>,Πό-</em></span> 
     </span>
     <span class='ocr_line' id='line_1_21' title="bbox 98 1741 1584 1803; baseline 0.001 -16"><span class='ocrx_word' id='word_1_141' title='bbox 98 1747 184 1787; x_wconf 76' lang='grc' dir='ltr'><em>θεν</em></span> <span class='ocrx_word' id='word_1_142' title='bbox 214 1743 280 1788; x_wconf 80' lang='grc' dir='ltr'><em>ἂν</em></span> <span class='ocrx_word' id='word_1_143' title='bbox 311 1748 395 1801; x_wconf 83' lang='grc' dir='ltr'><em>γέν.</em></span> <span class='ocrx_word' id='word_1_144' title='bbox 428 1756 544 1789; x_wconf 88' lang='lat' dir='ltr'><strong>recte</strong></span> <span class='ocrx_word' id='word_1_145' title='bbox 576 1756 712 1792; x_wconf 86' lang='lat' dir='ltr'><strong>autem</strong></span> <span class='ocrx_word' id='word_1_146' title='bbox 744 1753 978 1792; x_wconf 84' lang='lat' dir='ltr'><strong>Brunckius</strong></span> <span class='ocrx_word' id='word_1_147' title='bbox 1009 1744 1216 1803; x_wconf 75' lang='grc' dir='ltr'><em>γένοιντ’,</em></span> <span class='ocrx_word' id='word_1_148' title='bbox 1249 1750 1374 1802; x_wconf 86' lang='lat' dir='ltr'><strong>vulgo</strong></span> <span class='ocrx_word' id='word_1_149' title='bbox 1405 1741 1584 1799; x_wconf 79' lang='grc' dir='ltr'><em>γένοιτ’.</em></span> 
     </span>
     <span class='ocr_line' id='line_1_22' title="bbox 102 1814 1586 1874; baseline -0.003 -13"><span class='ocrx_word' id='word_1_150' title='bbox 102 1820 222 1861; x_wconf 87' lang='lat' dir='ltr'><strong>Adde</strong></span> <span class='ocrx_word' id='word_1_151' title='bbox 255 1821 513 1861; x_wconf 78' lang='lat' dir='ltr'><strong>Athenaeum</strong></span> <span class='ocrx_word' id='word_1_152' title='bbox 545 1820 603 1860; x_wconf 74' lang='lat' dir='ltr'><strong>x!</strong></span> <span class='ocrx_word' id='word_1_153' title='bbox 635 1836 675 1874; x_wconf 88' lang='lat' dir='ltr'><strong>p.</strong></span> <span class='ocrx_word' id='word_1_154' title='bbox 692 1823 778 1862; x_wconf 75' lang='lat'><strong>478</strong></span> <span class='ocrx_word' id='word_1_155' title='bbox 809 1823 866 1863; x_wconf 88' lang='lat' dir='ltr'><strong>C:</strong></span> <span class='ocrx_word' id='word_1_156' title='bbox 900 1821 995 1860; x_wconf 83' lang='grc' dir='ltr'><strong>Καὶ</strong></span> <span class='ocrx_word' id='word_1_157' title='bbox 1026 1818 1220 1858; x_wconf 85' lang='grc' dir='ltr'><em>ΙΙλατων</em></span> <span class='ocrx_word' id='word_1_158' title='bbox 1251 1817 1298 1857; x_wconf 79' lang='grc' dir='ltr'><em>ἐν</em></span> <span class='ocrx_word' id='word_1_159' title='bbox 1322 1814 1401 1858; x_wconf 78' lang='grc' dir='ltr'><em>Δι’ἱ·</em></span> <span class='ocrx_word' id='word_1_160' title='bbox 1421 1829 1586 1857; x_wconf 83' lang='grc' dir='ltr'><em>κακου-</em></span> 
     </span>
     <span class='ocr_line' id='line_1_23' title="bbox 95 1884 1585 1945; baseline -0.002 -16"><span class='ocrx_word' id='word_1_161' title='bbox 95 1889 214 1945; x_wconf 71' lang='grc' dir='ltr'><em>μένῳ</em></span> <span class='ocrx_word' id='word_1_162' title='bbox 250 1888 339 1929; x_wconf 86' lang='grc' dir='ltr'><strong>Τόν</strong></span> <span class='ocrx_word' id='word_1_163' title='bbox 367 1885 553 1929; x_wconf 85' lang='grc' dir='ltr'><em>κότυλον</em></span> <span class='ocrx_word' id='word_1_164' title='bbox 582 1890 702 1945; x_wconf 60' lang='grc' dir='ltr'><em>ᾳέριι</em></span> <span class='ocrx_word' id='word_1_165' title='bbox 733 1890 847 1944; x_wconf 74' lang='grc' dir='ltr'><em>ᾳησὶ</em></span> <span class='ocrx_word' id='word_1_166' title='bbox 877 1891 952 1930; x_wconf 85' lang='grc' dir='ltr'><strong>καὶ</strong></span> <span class='ocrx_word' id='word_1_167' title='bbox 979 1884 1320 1944; x_wconf 70' lang='grc' dir='ltr'><em>Ἀριστοφάνης</em></span> <span class='ocrx_word' id='word_1_168' title='bbox 1349 1885 1396 1926; x_wconf 77' lang='grc' dir='ltr'><em>ἐν</em></span> <span class='ocrx_word' id='word_1_169' title='bbox 1419 1885 1585 1940; x_wconf 77' lang='grc' dir='ltr'><em>Βαβυ-</em></span> 
     </span>
     <span class='ocr_line' id='line_1_24' title="bbox 94 1957 1584 2011; baseline -0.001 -12"><span class='ocrx_word' id='word_1_170' title='bbox 94 1957 280 2007; x_wconf 84' lang='grc' dir='ltr'><em>λωνίοις.</em></span> <span class='ocrx_word' id='word_1_171' title='bbox 349 1961 449 2001; x_wconf 88' lang='lat' dir='ltr'><strong>Sine</strong></span> <span class='ocrx_word' id='word_1_172' title='bbox 487 1962 594 2001; x_wconf 89' lang='lat' dir='ltr'><strong>iusta</strong></span> <span class='ocrx_word' id='word_1_173' title='bbox 634 1975 756 2002; x_wconf 87' lang='lat' dir='ltr'><strong>causa</strong></span> <span class='ocrx_word' id='word_1_174' title='bbox 782 1963 1044 2003; x_wconf 86' lang='lat' dir='ltr'><strong>Fritzschius</strong></span> <span class='ocrx_word' id='word_1_175' title='bbox 1085 1960 1217 2000; x_wconf 85' lang='lat' dir='ltr'><strong>voluit</strong></span> <span class='ocrx_word' id='word_1_176' title='bbox 1258 1972 1307 1999; x_wconf 87' lang='lat' dir='ltr'><strong>ea</strong></span> <span class='ocrx_word' id='word_1_177' title='bbox 1337 1971 1442 2011; x_wconf 87' lang='lat' dir='ltr'><strong>quae</strong></span> <span class='ocrx_word' id='word_1_178' title='bbox 1472 1958 1584 2011; x_wconf 85' lang='lat' dir='ltr'><strong>apud</strong></span> 
     </span>
     <span class='ocr_line' id='line_1_25' title="bbox 93 2029 1582 2084; baseline -0.003 -11"><span class='ocrx_word' id='word_1_179' title='bbox 93 2031 354 2073; x_wconf 85' lang='lat' dir='ltr'><strong>Athenaeum</strong></span> <span class='ocrx_word' id='word_1_180' title='bbox 389 2031 550 2071; x_wconf 84' lang='lat' dir='ltr'><strong>Platoni</strong></span> <span class='ocrx_word' id='word_1_181' title='bbox 583 2033 834 2081; x_wconf 88' lang='lat' dir='ltr'><strong>tribuuntur,</strong></span> <span class='ocrx_word' id='word_1_182' title='bbox 866 2031 1136 2084; x_wconf 84' lang='lat' dir='ltr'><strong>Aristophani</strong></span> <span class='ocrx_word' id='word_1_183' title='bbox 1168 2030 1392 2072; x_wconf 84' lang='lat' dir='ltr'><strong>vindicare.</strong></span> <span class='ocrx_word' id='word_1_184' title='bbox 1452 2029 1582 2070; x_wconf 86' lang='lat' dir='ltr'><strong>Vide-</strong></span> 
     </span>
     <span class='ocr_line' id='line_1_26' title="bbox 93 2100 1582 2155; baseline -0.002 -14"><span class='ocrx_word' id='word_1_185' title='bbox 93 2105 163 2141; x_wconf 88' lang='lat' dir='ltr'><strong>tur</strong></span> <span class='ocrx_word' id='word_1_186' title='bbox 192 2106 330 2141; x_wconf 88' lang='lat' dir='ltr'><strong>autem</strong></span> <span class='ocrx_word' id='word_1_187' title='bbox 360 2101 442 2141; x_wconf 85' lang='lat' dir='ltr'><strong>hoc</strong></span> <span class='ocrx_word' id='word_1_188' title='bbox 471 2115 636 2154; x_wconf 92' lang='lat' dir='ltr'><strong>quoque</strong></span> <span class='ocrx_word' id='word_1_189' title='bbox 672 2102 951 2155; x_wconf 83' lang='lat' dir='ltr'><strong>fragmentum</strong></span> <span class='ocrx_word' id='word_1_190' title='bbox 992 2103 1044 2142; x_wconf 88' lang='lat' dir='ltr'><strong>ad</strong></span> <span class='ocrx_word' id='word_1_191' title='bbox 1082 2100 1234 2142; x_wconf 87' lang='lat' dir='ltr'><strong>Bacchi</strong></span> <span class='ocrx_word' id='word_1_192' title='bbox 1276 2112 1440 2140; x_wconf 85' lang='lat' dir='ltr'><strong>causam</strong></span> <span class='ocrx_word' id='word_1_193' title='bbox 1482 2110 1582 2151; x_wconf 87' lang='lat' dir='ltr'><strong>per-</strong></span> 
     </span>
     <span class='ocr_line' id='line_1_27' title="bbox 96 2169 1576 2226; baseline -0.001 -16"><span class='ocrx_word' id='word_1_194' title='bbox 96 2172 254 2221; x_wconf 84' lang='lat' dir='ltr'><strong>tinere,</strong></span> <span class='ocrx_word' id='word_1_195' title='bbox 306 2172 376 2224; x_wconf 90' lang='lat' dir='ltr'><strong>qui</strong></span> <span class='ocrx_word' id='word_1_196' title='bbox 416 2185 511 2212; x_wconf 90' lang='lat' dir='ltr'><strong>cum</strong></span> <span class='ocrx_word' id='word_1_197' title='bbox 558 2175 741 2226; x_wconf 86' lang='lat' dir='ltr'><strong>postulat</strong></span> <span class='ocrx_word' id='word_1_198' title='bbox 782 2174 922 2214; x_wconf 81' lang='lat' dir='ltr'><strong>nescio</strong></span> <span class='ocrx_word' id='word_1_199' title='bbox 958 2173 1051 2226; x_wconf 87' lang='lat' dir='ltr'><strong>quis</strong></span> <span class='ocrx_word' id='word_1_200' title='bbox 1097 2173 1296 2212; x_wconf 86' lang='lat' dir='ltr'><strong>ducentas</strong></span> <span class='ocrx_word' id='word_1_201' title='bbox 1342 2169 1576 2218; x_wconf 82' lang='lat' dir='ltr'><strong>drachmas,</strong></span> 
     </span>
     <span class='ocr_line' id='line_1_28' title="bbox 99 2242 583 2294; baseline 0 -12"><span class='ocrx_word' id='word_1_202' title='bbox 99 2242 295 2294; x_wconf 85' lang='lat' dir='ltr'><strong>poculum</strong></span> <span class='ocrx_word' id='word_1_203' title='bbox 325 2242 583 2294; x_wconf 80' lang='lat' dir='ltr'><strong>oppignerat.</strong></span> 
     </span>
    </p>
   </div>
   <div class='ocr_carea' id='block_1_6' title="bbox 327 2407 1311 2465">
    <p class='ocr_par' dir='ltr' id='par_1_6' title="bbox 327 2407 1311 2465">
     <span class='ocr_line' id='line_1_29' title="bbox 327 2407 1311 2465; baseline -0.002 -15"><span class='ocrx_word' id='word_1_204' title='bbox 327 2409 506 2458; x_wconf 76' lang='grc' dir='ltr'><em>Πόσους</em></span> <span class='ocrx_word' id='word_1_205' title='bbox 533 2408 616 2464; x_wconf 59' lang='grc' dir='ltr'><em>ε”χει</em></span> <span class='ocrx_word' id='word_1_206' title='bbox 647 2410 900 2465; x_wconf 71' lang='grc' dir='ltr'><em>στρωτῆρας</em></span> <span class='ocrx_word' id='word_1_207' title='bbox 930 2408 1102 2465; x_wconf 75' lang='grc' dir='ltr'><em>ἀνδρῶν</em></span> <span class='ocrx_word' id='word_1_208' title='bbox 1132 2407 1311 2454; x_wconf 72' lang='grc' dir='ltr'><em>οὑτοσίς</em></span> 
     </span>
    </p>
   </div>
   <div class='ocr_carea' id='block_1_7' title="bbox 317 2484 1291 2551">
    <p class='ocr_par' dir='ltr' id='par_1_7' title="bbox 317 2484 1291 2551">
     <span class='ocr_line' id='line_1_30' title="bbox 317 2484 1291 2551; baseline -0.002 -17"><span class='ocrx_word' id='word_1_209' title='bbox 317 2492 404 2543; x_wconf 78' lang='grc' dir='ltr'><strong>Ὠς</strong></span> <span class='ocrx_word' id='word_1_210' title='bbox 432 2484 480 2535; x_wconf 67' lang='grc' dir='ltr'><strong>εὗ</strong></span> <span class='ocrx_word' id='word_1_211' title='bbox 508 2493 830 2551; x_wconf 84' lang='grc' dir='ltr'><em>καλυμματίοις</em></span> <span class='ocrx_word' id='word_1_212' title='bbox 861 2496 938 2536; x_wconf 83' lang='grc' dir='ltr'><strong>τόν</strong></span> <span class='ocrx_word' id='word_1_213' title='bbox 967 2486 1090 2536; x_wconf 80' lang='grc' dir='ltr'><em>οἶκον</em></span> <span class='ocrx_word' id='word_1_214' title='bbox 1119 2492 1291 2550; x_wconf 72' lang='grc' dir='ltr'><em>ἤρεᾳεν.</em></span> 
     </span>
    </p>
   </div>
   <div class='ocr_carea' id='block_1_8' title="bbox 82 2599 1579 2859">
    <p class='ocr_par' dir='ltr' id='par_1_8' title="bbox 82 2599 1579 2802">
     <span class='ocr_line' id='line_1_31' title="bbox 207 2599 1572 2665; baseline -0.002 -17"><span class='ocrx_word' id='word_1_215' title='bbox 207 2608 410 2648; x_wconf 82' lang='lat' dir='ltr'><strong>PolluxX</strong></span> <span class='ocrx_word' id='word_1_216' title='bbox 443 2609 546 2648; x_wconf 79' lang='lat'><strong>173:</strong></span> <span class='ocrx_word' id='word_1_217' title='bbox 575 2602 720 2648; x_wconf 79' lang='grc' dir='ltr'><strong>Ἀλλὰ</strong></span> <span class='ocrx_word' id='word_1_218' title='bbox 748 2605 840 2661; x_wconf 82' lang='grc' dir='ltr'><em>μὴν</em></span> <span class='ocrx_word' id='word_1_219' title='bbox 871 2606 929 2664; x_wconf 75' lang='grc' dir='ltr'><em>τῷ</em></span> <span class='ocrx_word' id='word_1_220' title='bbox 959 2605 1235 2665; x_wconf 74' lang='grc' dir='ltr'><em>στεγαστῆρι</em></span> <span class='ocrx_word' id='word_1_221' title='bbox 1255 2599 1406 2661; x_wconf 66' lang='grc' dir='ltr'><em>ὀρόφῳ</em></span> <span class='ocrx_word' id='word_1_222' title='bbox 1435 2617 1572 2660; x_wconf 80' lang='grc' dir='ltr'><em>προσ-</em></span> 
     </span>
     <span class='ocr_line' id='line_1_32' title="bbox 82 2671 1579 2733; baseline -0.004 -12"><span class='ocrx_word' id='word_1_223' title='bbox 82 2671 243 2729; x_wconf 44' lang='grc' dir='ltr'><strong>γὠπήν</strong></span> <span class='ocrx_word' id='word_1_224' title='bbox 264 2671 328 2718; x_wconf 71' lang='grc' dir='ltr'><em>ἂν</em></span> <span class='ocrx_word' id='word_1_225' title='bbox 356 2676 431 2718; x_wconf 85' lang='grc' dir='ltr'><strong>καὶ</strong></span> <span class='ocrx_word' id='word_1_226' title='bbox 461 2676 504 2717; x_wconf 86' lang='grc' dir='ltr'><strong>οἱ</strong></span> <span class='ocrx_word' id='word_1_227' title='bbox 534 2678 777 2733; x_wconf 81' lang='grc' dir='ltr'><em>στρωτῆρες</em></span> <span class='ocrx_word' id='word_1_228' title='bbox 812 2679 888 2718; x_wconf 81' lang='grc' dir='ltr'><strong>καὶ</strong></span> <span class='ocrx_word' id='word_1_229' title='bbox 931 2675 985 2717; x_wconf 85' lang='grc' dir='ltr'><em>τὰ</em></span> <span class='ocrx_word' id='word_1_230' title='bbox 1023 2672 1331 2731; x_wconf 79' lang='grc' dir='ltr'><em>καλυμμάτια,</em></span> <span class='ocrx_word' id='word_1_231' title='bbox 1365 2671 1579 2732; x_wconf 70' lang='grc' dir='ltr'><em>ἅμφωὸὲ</em></span> 
     </span>
     <span class='ocr_line' id='line_1_33' title="bbox 90 2735 1579 2802; baseline 0.001 -17"><span class='ocrx_word' id='word_1_232' title='bbox 90 2742 147 2786; x_wconf 72' lang='grc' dir='ltr'><strong>,ἐν</strong></span> <span class='ocrx_word' id='word_1_233' title='bbox 175 2741 532 2802; x_wconf 74' lang='grc' dir='ltr'><em>Ἀριστοφάνους</em></span> <span class='ocrx_word' id='word_1_234' title='bbox 562 2747 896 2802; x_wconf 78' lang='grc' dir='ltr'><em>Βαβυλωνίοις·</em></span> <span class='ocrx_word' id='word_1_235' title='bbox 938 2747 1120 2796; x_wconf 81' lang='grc' dir='ltr'><em>Πόσους</em></span> <span class='ocrx_word' id='word_1_236' title='bbox 1149 2746 1242 2789; x_wconf 84' lang='grc' dir='ltr'><em>κτλ.</em></span> <span class='ocrx_word' id='word_1_237' title='bbox 1297 2746 1376 2799; x_wconf 28' lang='grc' dir='ltr'><strong>,καὶ</strong></span> <span class='ocrx_word' id='word_1_238' title='bbox 1406 2735 1464 2785; x_wconf 76' lang='grc' dir='ltr'><strong>αὗ</strong></span> <span class='ocrx_word' id='word_1_239' title='bbox 1494 2739 1579 2787; x_wconf 72' lang='grc' dir='ltr'><strong>πά-</strong></span> 
     </span>
    </p>

    <p class='ocr_par' dir='ltr' id='par_1_9' title="bbox 1208 2819 1314 2859">
     <span class='ocr_line' id='line_1_34' title="bbox 1208 2819 1314 2859; baseline 0.009 -1"><span class='ocrx_word' id='word_1_240' title='bbox 1208 2819 1264 2859; x_wconf 79' lang='lat'><strong>62</strong></span> <span class='ocrx_word' id='word_1_241' title='bbox 1293 2821 1314 2842; x_wconf 79' lang='lat'><strong>¹⁸¹</strong></span> 
     </span>
    </p>
   </div>
  </div>
 </body>
</html>
