1716 3164
213 175 323 216 1272

212 283 347 325 ἐνέπω
372 284 414 324 in
443 282 670 336 anapaestis
697 283 766 323 78.

214 352 371 394 ἐνεῖναι
401 366 490 393 enm
521 353 699 406 genitivo
730 352 987 395 coniunctum
1015 356 1110 396 430.

212 420 258 461 ἐν
287 420 389 476 οἴνῳ
419 425 461 461 et
490 423 637 463 similia
666 422 761 461 336.

212 488 259 530 ἐν
290 485 498 544 ᾳώσσωνι
527 496 568 531 et
596 491 742 531 similia
772 490 866 530 164.

209 555 508 612 ἐννεάκρουνος
537 561 630 600 fons
660 560 805 599 atticus
836 561 929 601 120.

210 623 421 682 ἐνομήρης
450 630 547 670 877.

209 692 330 744 ἐντὸς
359 694 522 736 πολλοῦ
546 695 706 751 χρόνον
735 701 831 740 128.

209 762 435 805 ἐπανθιᾶν
463 779 559 807 num
590 781 781 820 graecum
809 768 907 808 751.

208 830 452 873 ἐπεισόδιον
480 837 521 876 in
552 837 760 889 tragoedia
791 840 832 876 et
860 838 1069 877 comoedia
1098 839 1194 879 757.

208 898 520 957 ἐπεττάλευμοιι
551 919 625 958 pro
651 900 994 958 πεπεττάλευμαι
1024 908 1117 948 107.

208 967 388 1022 ἐπίβδαι
417 987 538 1014 sensu
569 976 743 1027 figurato
775 975 870 1015 193.

209 1041 349 1092 opicae
379 1042 538 1082 formae
567 1044 609 1084 in
638 1044 865 1096 anapaestis
894 1044 962 1083 77.

206 1109 425 1161 Epicrates
455 1107 725 1166 σακεσφόρος
755 1112 851 1152 657.

206 1178 422 1230 Epictetus
452 1181 547 1220 946.

209 1247 459 1300 epigramma
488 1250 676 1302 antiquae
707 1247 942 1288 comoediae
971 1259 1062 1299 pars
1090 1246 1187 1289 757.

207 1311 424 1364 ἐπικλινὴς
453 1319 675 1369 penultima
705 1317 818 1358 brevi
847 1316 942 1356 273.

207 1380 512 1437 ἐπιλαγχάνειν
540 1389 636 1427 670.

206 1449 475 1505 ἐπιλησμονὴ
506 1456 602 1497 223.

206 1518 470 1570 ἐπινωτίζειν
496 1524 592 1563 726.

207 1586 397 1642 ἐπισμῆν
425 1592 452 1631 i.
484 1604 522 1643 q.
551 1589 762 1645 λοιδορεῖν
789 1593 860 1633 71.

210 1660 436 1711 episodium
465 1661 506 1701 in
536 1663 746 1702 comoedia
774 1662 872 1701 757.
905 1658 1025 1700 1025.

205 1724 589 1782 ἐπιτραπεζώματα
618 1736 659 1771 et
686 1725 993 1784 ἐπιφορήματα
1023 1729 1118 1770 612.

210 1792 460 1845 ἐπιθεάζειν
487 1800 552 1838 vel
580 1796 841 1848 ἐπιθειάζειν
872 1799 966 1839 314.

207 1860 437 1917 ἐπίχαλκος
465 1867 492 1908 i.
524 1880 562 1922 q.
592 1863 722 1915 ἀσπίς
747 1870 844 1912 709.

207 1920 475 1985 ἐπιχνοάζειν
503 1935 600 1975 751.

207 1998 343 2055 ἕψειν,
373 2016 455 2043 non
485 1999 606 2056 ἑψεῖν
633 2006 728 2046 286.

209 2066 362 2116 ἐωθώς
390 2083 466 2122 pra
495 2065 664 2119 εἰωθώς
693 2075 790 2114 729.

208 2139 504 2180 Eratosthenes
531 2142 572 2181 in
603 2142 753 2183 catast.
783 2144 851 2187 81.

208 2208 493 2249 Eratosthenis
522 2211 701 2262 Erigone
730 2213 824 2255 688.

209 2272 327 2329 ἐρίκη
358 2281 399 2317 et
428 2274 564 2330 ἐρείκη
594 2280 690 2320 428.

206 2340 414 2397 Ἑρμαῖος
445 2352 486 2386 et:
506 2339 720 2401 ’Ἕρμαιος
746 2349 843 2392 718.

212 2414 622 2462 Erotianuaemend,
654 2419 748 2457 276.

211 2479 386 2522 ἐσθίειν
414 2479 572 2537 λόγχας
600 2486 859 2537 proverbium
890 2486 984 2526 397.

207 2543 367 2609 Ἑστίᾳ
396 2548 527 2592 θύειν
554 2556 652 2594 801.

208 2611 304 2680 ἐτὸς
330 2631 411 2661 non
441 2622 580 2664 dicunt
610 2623 733 2663 Attici
765 2622 840 2662 nisi
870 2634 961 2663 cum
988 2625 1202 2675 negatione
1232 2626 1328 2670 747.

211 2686 392 2744 Etymul-
422 2689 482 2733 Μ.
513 2691 672 2734 emend.
703 2692 770 2733 98.
803 2692 898 2735 124.
928 2691 1023 2737 140.
1053 2693 1148 2739 725,
