1716 3164
216 163 325 204 lom
718 161 1129 203 ARISTOPHANIS

212 274 312 314 τέον
340 267 600 317 ἐκδιδάσκει
641 268 771 320 δηλοῖ
794 269 839 309 δὲ
867 271 940 310 καὶ
972 268 1104 318 αὐτὸς
1131 262 1255 319 οὗτος
1283 268 1306 311 ὁ
1334 268 1658 326 Ἀριστοφάνης

211 342 260 383 ’ἐν
287 338 428 396 ταύτῶ
457 334 646 393 δράματι
676 338 748 380 διὰ
777 339 929 380 τῶνδέ
972 336 1104 380 ''Am
1138 353 1172 378 ει
1204 340 1291 381 κτλ.
1347 341 1439 381 εἰτα
1474 339 1497 382 ὁ
1527 355 1659 396 πρεσ-

216 407 348 464 βύτης
384 405 683 449 ἐπισκώπτων·
720 405 842 450 Ἰδοὺ
881 408 970 451 κτλ.
1030 405 1164 449 πάλιν
1200 408 1244 448 δὲ
1281 408 1414 450 αὐτοῦ
1452 410 1529 451 τοῦ
1557 407 1658 451 οἷκο-

215 478 381 521 λάστου
409 479 519 526 υἱέος
548 473 762 527 εἰπόντος·
791 477 952 532 “Ημῶν
980 478 1068 521 κτλ.
1097 479 1170 518 καὶ
1189 475 1323 518 τοῦ-θ’
1353 478 1448 518 υἱοῦ
1476 476 1499 519 ὁ
1529 493 1658 533 πρεσ-

216 547 350 603 βύτης
375 544 655 589 ἐπισκώπτων
683 547 785 602 ἐρεῖ·
825 547 875 588 τὸ
903 547 1087 589 καταπλ.
1118 547 1206 590 κτλ.
1265 538 1348 587 εἶτ’
1381 538 1518 595 αὖθις
1553 546 1656 588 ἐκεί-

216 632 294 660 νου
333 615 521 674 φάντος·
566 614 868 669 Ἀποβήσεται
907 617 994 659 κτλ.
1061 614 1193 661 πάλιν
1237 614 1259 657 ὁ
1297 613 1539 671 πρεσβύτης
1585 618 1659 657 καὶ

216 689 344 730 τοῦτο
397 686 592 729 σκώπτει.
659 687 752 727 Καὶ
793 683 881 739 μήν
922 701 966 739 γε
1011 683 1034 726 ὁ
1075 686 1167 735 υἱὸς
1206 683 1374 728 οὐδέπω
1418 682 1660 739 παυόμενος

215 755 316 799 οίδὲ
358 752 616 811 αἰδούμενος
645 754 721 796 τὸν
749 753 928 808 γέροντά
958 769 1090 809 ([ησι·
1141 755 1194 795 Τι’
1234 753 1532 809 ὑποτεκμαίρει
1570 753 1658 796 κτλ.

213 819 308 869 εἶτα
349 824 372 867 ὁ
402 823 666 878 πρεσβύτης·
709 821 824 877 Οὶζιί,
862 814 895 863 ὦ
931 823 1190 878 Θρασύμαχε
1218 824 1305 865 κτλ.
1374 827 1446 868 Vs.
1479 827 1497 864 l
1538 825 1658 877 vulgo

214 891 309 945 ἅλις
336 892 474 950 ὁρέλη.
533 896 694 936 Seidler
720 887 842 943 ἅλις;
862 893 1053 947 σορέλλη.
1113 896 1330 935 Elmsleius
1358 890 1482 934 Ἀλλ’
1515 885 1554 935 εἷ
1581 907 1659 933 σο-

215 965 353 1022 ρέλλη,
383 967 461 1007 nisi
489 965 598 1004 forte
628 970 807 1017 praestat
834 959 966 1003 Ἀλλ’
998 953 1024 1013 ἦ
1057 962 1258 1016 σορέλλη;
1320 965 1380 1005 lta
1419 969 1531 1004 certe
1561 964 1656 1003 Dio-

214 1037 410 1092 geninnus
441 1035 479 1075 11
509 1034 588 1074 58:
615 1029 759 1081 ”Αλλη
789 1031 984 1087 τορέλλη·
1025 1031 1211 1085 σκῶμμα
1240 1029 1471 1086 γερόντων,
1506 1031 1550 1072 ἐκ
1580 1030 1658 1071 τοῦ

214 1102 339 1159 τορὸς
367 1101 571 1157 γίγνεται.
628 1103 689 1143 Ibi
719 1103 824 1143 enim
853 1104 1110 1144 scribendum
1142 1104 1326 1142 videtur:
1355 1097 1471 1140 ἀλλ’
1502 1092 1530 1150 ἦ
1562 1115 1657 1141 σο-

214 1173 372 1229 ρέλλη
416 1199 469 1204 -
511 1169 567 1212 ἐκ
593 1170 671 1211 τοῦ
716 1169 878 1225 σορὸς
919 1169 1122 1224 γίγνεται.
1181 1172 1249 1211 Ita¹
1278 1171 1526 1224 Hesychius:
1569 1170 1658 1210 Σο-

214 1242 363 1297 ρὲλλη·
401 1236 585 1293 σκῶμμά
621 1253 662 1279 τι
690 1236 966 1294 ἐπιχωριάζον
994 1234 1052 1287 εἰς
1080 1238 1179 1287 τούς
1207 1239 1426 1294 γέροντας·
1468 1237 1554 1279 άπὸ
1584 1239 1659 1290 τῆς
1686 1267 1693 1270 -

215 1310 366 1368 σοροῦ,
407 1316 449 1352 et
488 1311 659 1351 Photius
696 1324 735 1363 p.
765 1311 848 1351 528
880 1311 957 1350 15:
992 1308 1204 1365 Σορέλλη·
1244 1306 1428 1361 σκῶμμα
1464 1304 1523 1357 εἰς
1559 1309 1658 1357 τοὺς

214 1381 417 1435 γέροντας
452 1377 569 1433 παρὰ
606 1391 686 1428 την
725 1376 870 1432 σορόν.
927 1372 1061 1425 οὕτως
1097 1374 1429 1432 ’Λριστοφάνης
1492 1383 1533 1419 et
1570 1381 1656 1420 Eu-

215 1452 387 1494 stathius
417 1464 456 1503 1).
489 1451 596 1489 1289
630 1450 702 1489 116:
756 1444 841 1501 ἀφ’
868 1438 931 1497 ἧς,
961 1446 1151 1502 (σοροῦ)
1194 1447 1267 1488 καὶ
1306 1446 1512 1501 σορέλλην
1540 1446 1659 1502 παρὰ

211 1515 526 1574 Ἀριστοφάνει
555 1516 739 1571 σκῶμμα
769 1511 827 1563 εἷς
853 1516 1046 1571 γέροντα,
1088 1513 1145 1565 ὠς
1174 1515 1219 1557 ἐν
1247 1515 1455 1572 ῥητορικῶ
1482 1509 1659 1570 εὕρηται

215 1587 374 1644 λεξικῷ.
439 1589 522 1629 Sed
551 1589 654 1628 haec
683 1588 846 1639 quidem
876 1587 1007 1627 forma
1044 1589 1332 1640 improbanda,
1371 1585 1550 1640 σορέλλη
1586 1601 1657 1628 au-

215 1666 298 1701 tem
338 1659 439 1698 iliud
474 1658 636 1697 videtur
665 1671 687 1696 a
718 1659 942 1709 Lysistrato
972 1657 1111 1695 fictum
1150 1670 1240 1696 esse
1278 1658 1327 1695 ad
1357 1657 1659 1698 similitudinem

216 1730 326 1770 vocis
356 1724 532 1780 τορελλῆ
576 1740 695 1778 quam
726 1732 924 1765 memorat
953 1727 1205 1778 Hesychius:
1247 1724 1455 1777 Ίόρελλῆ·
1492 1723 1659 1780 ἐπιφώ-

215 1810 334 1850 νημα
372 1794 644 1850 θρηνητικὸν
681 1793 762 1834 σὺν
799 1793 915 1850 αὐλῷ
949 1789 1182 1849 Θρςικικόν,
1218 1797 1330 1835 cuius
1368 1798 1476 1836 vocis
1517 1798 1659 1838 eadem

219 1874 280 1909 est
309 1868 436 1916 ratio,
466 1880 568 1918 quae
601 1861 800 1914 τήνελλα,
843 1867 1027 1905 aliorum.
1077 1889 1122 1894 —
1173 1866 1240 1906 Vs.
1270 1867 1296 1904 2
1335 1858 1451 1913 ἰδού,
1482 1865 1659 1918 σορέλλη

218 1937 400 1985 distinxi,
430 1937 552 1987 vulgo
583 1928 680 1973 ἰδοὺ
709 1933 907 1987 σορέλλη·
945 1932 1072 1972 τοῦτο
1102 1931 1189 1972 κτλ
1251 1935 1514 1985 Lysistratum
1544 1937 1658 1977 illum

219 2007 408 2048 callidum
440 2010 734 2081 veteratorem,
766 2010 881 2043 vexat
910 2005 1029 2043 etiam
1059 2004 1098 2042 in
1129 2004 1456 2043 Acharnensibus
1486 2018 1523 2044 v.
1552 2005 1659 2045 8211:

223 2070 329 2115 Οὐδ’
368 2063 505 2122 αὖθις
545 2069 603 2111 αὐ
641 2085 687 2111 σε
725 2070 944 2123 σκώψεται
973 2067 1276 2148 Λυσίστρατός
1322 2066 1365 2109 τ’
1404 2070 1450 2111 ἐν
1495 2069 1660 2129 τάγορᾷ

223 2143 482 2195 Χολαργέων
520 2138 702 2191 ὄνειδος,
734 2137 790 2180 O
829 2140 1085 2195 περιαλουρ)
1088 2138 1133 2187 ὸς
1171 2140 1259 2187 τοῖς
1294 2140 1463 2189 κακοῖς,
1498 2137 1660 2194 ‘Payaev

219 2228 263 2255 τε
290 2213 364 2253 καὶ
395 2211 550 2252 πεινῶν
586 2208 674 2260 ἀεὶ,
715 2210 846 2249 Ηλεῖν
877 2205 902 2259 ἢ
933 2206 1163 2263 τριάκονθ’
1196 2206 1356 2263 ἡμέρας
1398 2208 1486 2249 Τοῦ
1524 2208 1660 2262 μηνὸς

218 2278 412 2323 ἑκάστου.
470 2283 656 2322 Eundem
686 2282 890 2321 hominem
928 2282 968 2319 in
1010 2280 1088 2319 alia
1127 2280 1297 2332 quadam
1325 2279 1462 2320 fabula
1492 2286 1536 2320 ut
1564 2286 1662 2333 puto

219 2353 260 2394 in
292 2353 523 2405 Babyloniis
552 2354 730 2403 graviter
760 2352 985 2402 exagitavit,
1016 2349 1217 2402 siquidem
1246 2350 1286 2388 in
1316 2350 1470 2400 Equitt.
1499 2363 1536 2391 v.
1553 2351 1662 2390 1270

221 2425 340 2464 dieit-
392 2418 444 2460 1
431 2435 445 2458 ι
492 2416 668 2459 κάλλιον
704 2416 1004 2472 ἀρχομένοισιν
1048 2414 1076 2467 ἢ
1129 2418 1554 2469 καταπαυομένοισιν
1586 2412 1661 2456 ”H

220 2490 341 2531 θοᾶν
367 2484 514 2529 ἵππων
542 2487 751 2541 ἐλατηρας
780 2484 950 2534 άειδειν,
981 2486 1117 2539 μηδὲν
1145 2486 1185 2533 ἐς
1206 2484 1511 2539 Λυσίστρατον
1534 2484 1662 2533 Μηδὲ

227 2557 477 2612 Θούμαντιν
505 2556 582 2597 τὸν
611 2554 810 2596 ἀνέστιον
838 2546 895 2595 αὖ
923 2555 1072 2595 λυπεῖν
1101 2551 1253 2611 ἑκούσῃ
1281 2553 1475 2609 καρδίαι
1496 2568 1545 2594 ex
1581 2569 1661 2607 quo

222 2631 313 2671 loco
350 2633 518 2681 apparet
557 2628 870 2679 Aristophanem
905 2626 1120 2678 aliquando
1168 2626 1321 2666 diutius
1361 2625 1403 2663 iu
1447 2625 1660 2676 Lysistrati

211 2699 385 2742 'nomine
413 2698 616 2750 carpendo
647 2701 850 2739 versatum
881 2696 1029 2746 fuisse,
1066 2699 1179 2736 certe
1206 2693 1420 2735 neehunc
1447 2693 1663 2735 Daetalen-
