1716 3164
206 59 290 100 712
789 59 1054 101 AMIPSIAE

204 160 301 208 οἷον
332 164 407 207 ἐπ’
440 163 554 206 αὐτὰ
589 163 746 221 ἀφῖξαι
779 165 833 207 τὰ
869 164 1119 224 πράγματα.
1192 172 1236 213 In
1271 173 1446 214 eundem
1485 185 1648 214 sensum

206 239 415 291 Amipsiae
443 248 604 277 versum
632 237 830 290 intellige.

898 363 969 404 Vl.

318 449 547 490 Scholiasta
576 450 786 502 Aristoph.
817 447 1089 505 Vesp.1164:
1118 445 1239 491 αἰτία
1270 449 1315 491 δὲ
1343 449 1421 491 τοῦ
1447 450 1653 504 λεξειδὶου

203 514 231 569 ἡ
262 514 483 568 συνήθεια
512 520 532 570 ζ
544 514 865 572 ἀσυνήθειαὶῖ).
895 516 1066 574 μήποτε
1093 517 1174 575 γὰρ
1203 520 1277 560 καὶ
1306 518 1538 571 πεποίηται
1565 520 1645 564 ὑπ’

205 582 354 628 αὐτοῦ.
412 582 453 627 εἰ
480 586 526 627 δὲ
552 585 614 641 μὴ
644 584 981 642 ἀπεσχεδίασται
1011 587 1061 630 τὸ
1091 587 1514 643 διαλυκώνισον,
1542 589 1654 647 τάχα

207 651 265 698 ἂν
291 655 458 709 λέγοιτο
494 654 581 698 άπὸ
608 653 757 699 Λύκου
794 656 1061 699 πεντάθλου·
1122 658 1327 714 φαίνεται
1361 657 1443 716 γάρ
1480 675 1545 710 τις
1578 664 1654 704 καὶ

205 723 509 781 μαλακώτερος
554 725 778 778 γενέσθαι.
851 724 1090 782 Ἀμειψίας
1132 720 1198 768 Εἰ
1248 727 1317 782 μὴ
1374 729 1620 772 θανοῦσί
1629 746 1653 772 ν

201 792 331 837 ἔστί
370 809 457 843 τις
494 794 622 850 τιμὴ
652 795 1001 850 καταβῶμεν.
1060 800 1140 839 Pro
1169 794 1316 838 Λύκου
1346 802 1532 842 coniicias
1562 799 1652 841 Αὐ-

203 861 386 906 τολύκου
422 867 681 907 scribendum
720 880 833 916 esse,
873 869 924 908 de
963 881 1041 920 quo
1083 869 1248 909 homine
1287 871 1380 909 vide
1417 871 1521 911 Hist.
1563 873 1649 913 crit.

202 948 246 989 p.
275 935 370 976 117.
438 936 571 988 Magis
609 940 745 976 tamen
785 938 967 990 placeret
1003 939 1037 978 si
1073 939 1128 978 ita
1162 939 1274 979 locus
1314 940 1488 991 scriptus
1529 945 1650 990 esset,

203 1000 316 1057 τάχα
350 998 406 1043 ἂν
444 1003 611 1056 λέγοιτο
650 1000 738 1044 ἀπὸ
776 1002 979 1053 Λύκωνος
1016 1002 1270 1046 Αὐτολύκου
1306 1003 1578 1058 πεντάθλου,
1627 1025 1650 1050 a

203 1073 371 1127 Lycone
401 1074 591 1126 Autolyci
628 1075 922 1127 pancratiastae
959 1080 1088 1128 patre.
1154 1078 1260 1117 Eum
1300 1077 1425 1129 igitur
1454 1078 1652 1131 Amipsias

204 1144 261 1185 ita
290 1144 382 1186 fere
410 1145 649 1196 loquentem
678 1144 905 1191 induxerat,

454 1206 495 1251 εἰ
519 1213 599 1265 μὲν
628 1207 851 1252 θανοῦσίν
880 1208 973 1251 ἐστι’
1002 1226 1064 1260 τις
1094 1209 1208 1252 κάτω
1238 1210 1392 1269 τρυφή,

454 1278 497 1320 τί
524 1277 584 1335 μὴ
616 1278 897 1334 καταβῶμενς

883 1402 976 1443 Vll.

318 1491 545 1532 Scholiasta
583 1492 790 1544 Aristopln.
826 1491 931 1531 Plut.
962 1491 1069 1531 885:
1109 1489 1160 1531 οὐ
1200 1490 1427 1547 φοβοῦμαι
1465 1507 1512 1535 σε
1548 1492 1654 1548 ἔχων

206 1559 394 1615 φυσικὸν
428 1555 676 1600 δακτύλιον·
715 1555 947 1599 δακτύλιον
986 1557 1031 1599 δὲ
1070 1558 1145 1600 τὸν
1173 1559 1401 1613 λεγόμενον
1430 1562 1655 1618 φαρμακί-

206 1641 300 1680 την.
327 1625 518 1677 Εὔπολις
547 1626 749 1679 Βάπταις
779 1628 1009 1682 μέμνηται.
1040 1626 1063 1668 ὁ
1094 1626 1142 1669 δ’
1183 1627 1382 1684 Εὔδαμος
1410 1635 1534 1686 (Ven,
1565 1631 1653 1674 Εὕ-

208 1698 365 1752 δημος)
397 1696 770 1754 φαρμακοπώλης,
802 1699 876 1738 καὶ
902 1694 1163 1753 Ἀμειψίας,
1201 1695 1229 1749 ἢ
1254 1697 1535 1756 χρυσοπώλης
1563 1703 1651 1745 κτλ.

210 1770 411 1810 Kusterus
453 1775 494 1809 et
522 1771 760 1810 Hemsterh.
790 1770 914 1809 verba
943 1767 1018 1808 καὶ
1053 1764 1294 1822 Ἀμειψίας
1322 1776 1412 1823 post
1438 1772 1655 1825 μέμνηται

208 1844 568 1891 transposuerunt,
599 1841 687 1879 sine
715 1841 861 1879 idonea
892 1851 1048 1879 caussa.
1107 1841 1181 1879 crr
1210 1842 1459 1881 Fritzschius
1490 1845 1654 1894 Quaest.

207 1909 415 1961 Aristoph.
447 1909 463 1948 1
493 1923 534 1962 p.
563 1909 659 1950 205.
725 1910 786 1949 De
825 1909 1011 1949 Eudemo
1052 1914 1280 1961 opportune
1318 1912 1655 1954 Hemsterhusius

209 1978 330 2019 affert
358 1978 690 2031 Theophrastum
720 1978 775 2017 H.
805 1978 853 2018 Ρ.
885 1978 943 2017 lx
973 1979 1048 2018 18:
1081 1973 1278 2031 Εὔδημος
1308 1974 1330 2017 ὁ
1360 1978 1657 2034 φαρμακοπώ-

209 2046 299 2099 λης,
328 2042 566 2100 εὐδοκιμῶν
595 2043 770 2101 σφόδρα
800 2043 880 2095 τὴν
909 2046 1076 2102 τέχνην.

878 2169 992 2211 VIII.

322 2253 468 2293 Pollux
487 2251 525 2291 11
553 2250 632 2291 50:
662 2247 781 2304 παρὰ
813 2249 858 2291 δὲ
881 2251 968 2298 τοῖς
992 2250 1190 2304 κωμικοῖς
1220 2247 1270 2290 τὸ
1299 2245 1435 2290 νεύειν
1463 2247 1659 2306 ὀφρυα-

213 2319 326 2371 ζειν
355 2320 540 2375 εἴρηται,
571 2323 640 2363 ubi
669 2324 851 2374 priorum
883 2324 1098 2362 verborum
1126 2323 1217 2362 loco
1248 2321 1337 2361 cod.
1367 2322 1506 2361 Falck.
1536 2322 1660 2360 habet

217 2386 240 2430 ὁ
272 2389 316 2431 δὲ
345 2388 530 2443 κωμικὸς
563 2386 802 2444 'Ap-amices·
830 2391 871 2431 h.
892 2405 927 2431 e.
957 2387 1207 2446 Ἀμειψίας,
1238 2403 1318 2441 quo
1348 2395 1514 2441 recepto
1543 2387 1661 2442 εἴρη-

212 2473 287 2500 ται
325 2462 561 2501 mutandum
599 2462 640 2501 in
671 2458 829 2512 εἴρηκε,
870 2460 977 2511 quod
1013 2460 1109 2499 vidit
1143 2460 1222 2498 iam
1253 2459 1459 2498 Porsonus
1489 2460 1658 2499 Advcrs.

151 2561 155 2563 μ
211 2543 254 2583 p.
283 2529 380 2570 251.
448 2531 626 2570 Verbum
665 2524 894 2584 ὀᾳ-ρυάζειν
924 2530 1096 2569 Photius
1135 2530 1232 2569 Lex,
1261 2542 1301 2580 p.
1331 2529 1413 2568 364
1443 2529 1495 2567 19
1535 2529 1660 2567 inter-

214 2602 399 2653 pretatur
428 2594 479 2637 τὸ
508 2595 709 2651 συνάγειν
748 2595 825 2645 τὰς
863 2593 1015 2653 ὀφρῦς.
1050 2612 1057 2615 ·
1083 2600 1129 2639 ln
1160 2598 1339 2638 Pollucis
1367 2598 1459 2639 loco
1488 2597 1664 2639 fortasse
