1716 3164
657 122 997 190 ΠΕΛΑΡΙῸΙ.
1096 114 1101 120 ’
1460 146 1571 193 1120

771 260 888 305 v111.

381 339 614 392 Βαλανεὺς
644 338 695 382 δ’
725 339 847 384 ω’θεῖ
870 342 967 392 ταῖς
996 340 1270 398 ἀρυταίναις.

203 425 353 468 Pollux
391 428 430 468 X
466 429 544 469 63:
575 422 827 482 Ἀρὺταινα
872 455 930 463 —-
966 423 1328 485 Ἀριστοφάνους
1371 425 1572 482 εἰπόντος

89 494 324 546 Βαλανεύς
350 497 441 540 κτλ.
502 501 635 552 Quem
667 513 831 541 versum
860 500 944 541 huo
973 501 1186 554 periinere
1213 503 1396 543 ostendit
1411 504 1571 547 Moeris

88 582 129 622 p.
162 570 218 610 92
248 570 314 610 ed.
346 570 506 611 Piers.:
540 566 767 618 Βαλανεὺς
797 566 918 624 παρὰ
949 567 1160 611 Πλάτωνι
1190 571 1265 611 καὶ
1294 568 1570 629 ’Λριστοφά-

89 650 152 679 νει
182 637 229 678 ἐν
258 637 520 695 Πελαργοῖς,
551 646 747 681 monente
776 641 1008 683 Dindorfio.

798 711 870 752 IX.

204 782 480 824 Antiatticista
512 782 691 823 Bekkeri
728 795 770 836 p.
803 783 882 822 111
924 782 979 822 7:
1024 776 1296 834 'Ossoliac
1339 778 1571 839 ἄρτους·

89 848 194 901 τούς
222 847 388 905 ὀβολοῦ
417 850 740 906 πωλουμένους.
794 847 1133 908 Ἀριστοφάνης
1161 851 1423 911 Πελαργοῖς.

201 994 508 1047 Harpocratio=
552 986 765 1050 Οἰκίσκῳ·
803 1020 860 1028 --
902 987 1088 1033 ἐκάλουν
1126 991 1173 1034 δὲ
1213 991 1258 1034 οἱ
1288 989 1492 1036 Ἀττικοὶ
1522 990 1574 1037 τὸ

88 1059 173 1120 ὑφ’
201 1060 328 1117 ἡμῶν
357 1058 593 1117 λεγόμενον
621 1051 995 1119 ὁρνιθοτροφεῖον
1032 1057 1305 1107 οἰκίσκον.
1362 1060 1575 1120 Ἀριστο-

90 1130 236 1188 φάνης
264 1133 539 1189 Πελαργοῖς,
579 1134 840 1188 Μεταγένης
870 1129 1057 1189 Αὕραις.
1124 1136 1299 1178 Photius
1336 1149 1379 1190 p.
1409 1137 1493 1178 319
1522 1137 1574 1179 4:

97 1200 318 1254 Οἰκίσκος·
350 1204 751 1262 περδικοτροφεῖον.
804 1200 1142 1260 Ἀριστοφάνης
1172 1205 1433 1262 Πελαργοῖς.

181 1326 184 1329 ,
798 1292 870 1334 XI.

202 1363 437 1405 Scholiasta
467 1363 580 1404 Pluti
611 1376 648 1404 v.
679 1363 760 1404 84:
805 1359 1233 1417 Πατροκλέους·
1276 1352 1338 1410 εἷς
1381 1350 1441 1412 ἦν
1486 1361 1575 1404 τῶν

89 1428 169 1474 τὸν
196 1430 457 1475 Λακωνικὸν
497 1429 598 1486 βίον
635 1428 882 1483 ζηλοίντων
918 1427 1218 1482 Ἀθηναίων,
1255 1427 1465 1482 πλούσιος
1492 1436 1574 1488 μὲν

88 1499 280 1561 σφόδρα,
311 1500 451 1552 ἄλλως
482 1502 527 1544 δὲ
557 1495 765 1557 κᾶκόρἰός
796 1517 860 1552 τις
888 1502 964 1543 καὶ
985 1499 1316 1558 φιλοχρήματος
1344 1504 1420 1545 καὶ
1448 1518 1574 1546 σκνι-

90 1573 176 1630 φὸς
218 1574 512 1633 κωμῳδεῖται,
561 1571 620 1624 ὥς
659 1574 706 1615 ἐν
750 1574 998 1630 Πελαργοῖς
1043 1572 1213 1628 εἴρηται
1256 1574 1356 1628 περὶ
1399 1571 1572 1629 τούτου,

92 1640 252 1695 ὅστις
281 1644 466 1687 ἕνεκεν
505 1643 595 1696 τῆς
623 1642 935 1701 φειδωλίας
972 1641 1171 1685 οὐδένα
1211 1641 1574 1700 προσίεσθαι

91 1715 178 1757 εἴα
219 1716 464 1773 φυλακῆς
504 1715 663 1757 ἕνεκα
699 1715 802 1757 τῶν
831 1711 1132 1771 χρημάτων
1172 1715 1265 1756 καὶ
1305 1714 1573 1773 γλίσχρου

92 1783 230 1841 βίου.
295 1789 454 1830 Similia
493 1789 661 1829 exhibet
699 1790 870 1830 Suidas:
911 1785 1275 1842 Πατροκλῆς·
1317 1782 1461 1840 ὄνομα
1501 1783 1572 1829 κὺ-

90 1871 201 1914 ριον.
258 1859 335 1900 καὶ
371 1857 606 1914 παροιμία,
641 1857 686 1899 ἐκ
726 1857 1058 1913 [Ιατροκλεόυς,
1095 1857 1166 1898 ἐπὶ
1209 1855 1296 1897 τῶν
1334 1855 1574 1915 ῥυπώντων

89 1929 167 1971 καὶ
206 1924 456 1985 αἰχμηρῶν.
515 1926 779 1986 Πατροκλῆς
820 1927 902 1984 γὰρ
939 1928 1106 1982 ἐγένετο
1133 1924 1392 1980 Ἀθηναῖος
1434 1925 1574 1970 πλού-

90 2014 185 2050 σιος
214 1998 412 2056 σφόδρα,
443 1996 585 2050 ἄλλως
612 2028 666 2037 -
698 1996 900 2050 σκνιπός,
930 1995 1052 2048 ὅστις
1082 1999 1221 2040 ἕνεκεν
1251 2027 1306 2033 —
1337 1996 1498 2039 οὐδένα
1529 1999 1573 2041 οἱ

90 2070 159 2113 εἴα
189 2069 465 2128 προσίεσθαι
495 2070 695 2127 φυλακῆς
724 2098 778 2106 -
804 2068 920 2124 βίου.
979 2073 1093 2113 Male
1123 2073 1228 2114 haec
1258 2072 1298 2111 in
1328 2083 1474 2111 versus
1505 2085 1574 2112 re-

91 2145 236 2198 digere
265 2148 435 2186 conatus
468 2150 532 2186 est
550 2145 825 2186 Fritzsehius:
856 2144 1078 2185 scholiasta
1107 2144 1178 2184 ille
1206 2142 1453 2183 sententiam
1483 2147 1573 2182 tan-

92 2220 196 2265 tum,
226 2228 309 2255 non
329 2216 419 2268 ipsa
436 2216 725 2269 Aristophanis
752 2216 878 2255 verba
903 2215 1134 2266 adscripsit.
1167 2215 1363 2254 Ceterum
1394 2213 1434 2251 in
1452 2212 1574 2252 scho-

94 2285 214 2326 liasta
252 2286 326 2324 illo
365 2298 440 2338 pro
482 2278 605 2332 ὅστις
641 2285 805 2324 videtur
842 2284 1106 2324 scribendum
1138 2295 1255 2322 esse:
1295 2274 1379 2321 ὅτι
1422 2279 1573 2321 ἕνεκα

92 2352 185 2395 κτλ.
247 2355 445 2396 Ceterum
478 2355 690 2396 Patrocles
720 2354 900 2395 fortasse
938 2354 1011 2395 ille
1051 2359 1135 2402 est,
1174 2366 1295 2406 quem
1334 2365 1384 2392 ex
1425 2353 1572 2393 inscri-

93 2426 239 2480 ptione
281 2426 418 2478 aliqua
457 2427 692 2480 Stephanus
722 2427 821 2479 Byz.
858 2439 896 2466 v.
922 2418 1096 2473 Ἀτὴνη
1128 2429 1352 2464 memorat:
1394 2421 1573 2480 Πατρο-

92 2493 197 2546 κλῆς
224 2489 438 2545 Ἀτηνεὺς
465 2492 658 2550 ἐχορήγει
687 2495 761 2536 καὶ
797 2491 1066 2545 Παντακλῆς
1096 2490 1352 2545 (ἐδίδαξεν).

781 2581 876 2622 Xll.
1488 2625 1492 2628 .

206 2651 441 2692 Scholiasta
474 2651 582 2692 Pluti
623 2666 661 2693 v.
691 2652 794 2692 665:
837 2644 1175 2697 Νεοκλείδης
1214 2674 1269 2684 —
1317 2644 1486 2702 εἴρηται
1524 2646 1569 2691 δὲ

96 2719 171 2760 καὶ
199 2719 246 2761 ἐν
274 2720 522 2777 Πελαργοῖς
551 2720 650 2777 περὶ
679 2719 815 2762 αὐτοῦ
845 2714 914 2762 ὅτι
938 2714 1082 2776 ῥήτωρ
1111 2718 1186 2759 καὶ
1216 2714 1509 2774 συκοφάντης.
