1716 3164
187 164 272 207 778
739 161 1069 203 STRATTmls

597 366 1214 411 ΠΥΤΙΣΟΣ.

344 485 517 546 Ἑγῷδα
546 486 787 538 τοῦπίνικος
815 486 1042 544 ὀργισθ·ὲὶς
1069 487 1167 545 ἔφη,

348 570 408 629 τῷ
435 569 621 627 στόματι
650 568 796 628 δράσω
825 568 962 613 τοῦθ’
995 565 1099 628 ὅπερ
1122 568 1196 626 χοί
1222 571 1416 624 Λέσβιοι.

293 685 521 726 Scholiasta
539 685 746 737 Aristoph.
764 685 888 737 Vesp.
907 685 1037 724 1337:
1067 682 1116 723 τὸ
1135 682 1342 737 λεσβίζιιν
1359 683 1430 724 ἐπὶ
1445 677 1627 737 αἰσχροῦ

183 747 396 804 τάττεται,
425 750 571 802 ἐπειδὴ
601 752 645 793 οἱ
666 751 849 805 Λέσβιοι
880 748 1210 806 αἰσχρουργοῦσι
1247 753 1304 810 τῷ
1333 750 1518 806 στόματι
1546 766 1626 805 μο-

181 817 410 875 λυνόμενοι
438 848 492 855 —-
519 817 732 875 Στράττις
760 819 805 860 ἐν
839 820 1016 876 Τρωΐλω
1047 824 1241 876 (Fragm.
1273 824 1320 874 1)
1350 823 1422 863 καὶ
1452 821 1499 862 ἐν
1528 821 1623 861 Πυ-

182 888 289 946 τίσῳ
323 881 527 947 Ἐγῷδα
565 886 894 938 τούπίνικος
931 887 1223 945 ὀργισθεὶς
1262 888 1361 944 ἔφη
1399 891 1464 948 τῷ
1497 887 1626 931 στό-

180 972 316 1014 ματι
358 954 540 1014 δράσω
583 955 740 999 τοῦθ’
773 953 901 1014 ὅπερ
947 958 1042 1000 τοῦ
1083 955 1311 1014 αἰσχροῦ
1352 956 1623 1002 τάττεται.

183 1030 245 1071 lta
274 1031 483 1079 venetus3
527 1030 649 1083 vulgo
687 1025 765 1082 ἐγώ
805 1025 855 1068 δ’
893 1022 968 1069 ἅτ’
996 1026 1199 1080 ἐπίνικος,
1236 1036 1278 1071 et
1314 1045 1370 1071 vs.
1410 1033 1437 1071 2
1481 1024 1622 1070 ταῦθ’

181 1091 304 1153 ἅπερ.
360 1099 602 1152 Suspicabar
628 1095 704 1150 ἐγώ
739 1096 785 1137 δὲ
813 1093 1058 1146 τοῦπίνικος
1086 1101 1128 1140 Ῑι.
1144 1114 1180 1140 e.
1210 1096 1286 1150 ἐγώ
1321 1098 1366 1138 δέ
1395 1113 1475 1149 τοι,
1501 1095 1628 1139 Ἐπί-

182 1180 298 1216 νικος
326 1171 403 1209 etc.
433 1169 616 1208 Similem
645 1168 776 1208 crasin
793 1180 830 1208 v.
849 1169 956 1220 apud
973 1170 1179 1210 Cratetem
1202 1166 1307 1221 Θηρ.
1326 1170 1363 1209 Π
1394 1170 1433 1209 1.
1465 1170 1626 1220 Epinici

181 1251 331 1280 nomeu
365 1238 477 1278 haud
515 1237 765 1289 infrequens.
836 1238 1043 1277 Bentleius
1073 1239 1237 1278 coniicit
1265 1235 1341 1288 ἐγώ
1374 1233 1423 1276 δ’
1455 1230 1529 1276 ἅτ’
1560 1235 1626 1276 ἐλ-

181 1304 348 1354 πίνικος
384 1311 464 1347 etc.
513 1306 623 1358 quod
660 1306 817 1357 recepit
853 1306 1112 1356 Dindorfius,
1151 1308 1219 1360 qui
1257 1311 1462 1359 postrema
1502 1308 1627 1347 verba

181 1374 261 1416 τοῦ
287 1370 468 1429 αἰσχροῦ
495 1370 715 1425 τάττεται,
756 1380 900 1444 ιιῐροῑθ
937 1389 986 1415 ex
1024 1377 1138 1416 initio
1178 1376 1321 1416 scholii
1349 1377 1525 1429 repetita
1553 1376 1625 1415 de-

182 1446 296 1488 levit.
374 1447 473 1486 Post
515 1436 621 1497 ὅπερ
666 1443 779 1485 Flor.
822 1445 1077 1485 Christianus
1121 1445 1274 1485 addidit
1318 1443 1388 1483 τοὶ
1427 1443 1623 1496 Λέσβιοι,

182 1516 293 1569 quod
315 1527 386 1568 χοι
415 1515 674 1557 scribendum
704 1514 833 1554 fuisse
863 1515 1019 1555 monuit
1042 1516 1252 1555 Dohraeus
1267 1515 1369 1555 Adv.
1400 1514 1438 1554 11
1468 1528 1508 1566 p.
1525 1514 1622 1554 204.

182 1585 366 1627 Fabulae
393 1598 542 1626 nomen
564 1584 813 1632 Dindorfius,
842 1584 894 1623 de
922 1596 1002 1636 quo
1031 1584 1093 1624 cfr
1123 1585 1231 1624 Hist.
1261 1584 1351 1624 crit.
1381 1597 1422 1637 p.
1451 1584 1547 1632 233,
1575 1595 1624 1623 ex

183 1654 382 1696 Pausania
410 1656 476 1696 vel
506 1654 666 1696 Cinesia
695 1660 929 1706 corruptum
960 1666 1052 1694 esse
1079 1654 1320 1706 suspicatur.

547 1963 1262 2015 ΤΡΩιΛοΣ.*)

885 2089 917 2128 1.

342 2161 434 2211 Ἠι
459 2164 640 2223 μήποτ’,
666 2158 700 2208 ὦ
730 2170 817 2210 παῖ
842 2165 992 2220 Ζηνός,
1021 2167 1063 2217 ἐς
1092 2165 1253 2207 ταύτὸν
1280 2166 1429 2222 μόλῃς,

348 2249 460 2294 ἀλλὰ
488 2248 711 2307 παραδοὺς
739 2253 827 2301 τοῖς
854 2249 1059 2306 Λεσβίοις
1082 2248 1252 2306 χαίρειν
1279 2247 1343 2290 ἔα.

297 2365 523 2408 Scholiasta
551 2365 759 2417 Aristoph.
789 2365 913 2417 Vesp.
944 2365 1078 2404 1337.
1117 2359 1167 2401 τὸ
1205 2357 1413 2414 λεσβίζειν
1447 2359 1519 2400 ἐπὶ
1555 2359 1624 2400 αέ-

189 2434 321 2490 σχροῦ
347 2431 568 2483 τάττεται,
612 2430 758 2482 ἐπειδὴ
795 2432 838 2472 οἱ
865 2432 1048 2484 Λέσβιοι
1077 2426 1409 2485 αἰσχρουργοῦσι
1437 2428 1496 2486 τῷ
1524 2443 1624 2470 <rto-

188 2517 297 2559 ματι
329 2499 634 2557 μολυνόμενοι,
677 2499 797 2556 παρὰ
833 2498 884 2541 τὸ
929 2496 1234 2554 ἱστοροίμενον
1277 2492 1346 2539 ὅτι
1381 2496 1502 2553 παρὰ
1535 2498 1625 2547 τοῖς

189 2569 396 2626 Λεσβίοις
423 2573 551 2613 τοῦτο
579 2570 750 2628 πρῶτον
774 2568 881 2625 γυνὴ
909 2567 1064 2612 ἔπαθε.
1081 2564 1359 2624 -Στράττις
1386 2566 1431 2608 ἐν
1448 2564 1624 2623 Τρωίλῳ

281 2711 315 2756 ⁸)
336 2711 376 2746 V.
399 2710 488 2747 Hist.
512 2711 587 2747 crit.
607 2724 641 2757 p.
663 2712 744 2747 233.

1710 2751 1711 2754 „
1706 2392 1716 2740 Mna-m
