1716 3164
205 179 314 221 loeo
725 176 1134 218 ARISTOPHANIS

890 286 961 326 XI.

463 363 550 407 Οἰκ
579 360 874 421 αἰσχυνοῦμαι
902 365 980 407 τὸν
1006 363 1181 421 τάριχον
1208 369 1379 408 τουτονὶ

455 446 627 492 πλύνων
655 443 820 490 ἅπασιν
848 443 932 490 ὅσα
963 446 1131 491 σύνοιδ’
1164 446 1280 506 αὐτῷ
1308 447 1430 493 κακά.

315 563 552 604 Athenaeus
584 562 641 600 111
683 575 722 613 p.
755 562 834 600 109
866 563 921 602 C:
961 558 983 601 ὁ
1024 557 1194 616 τάριχος
1234 589 1287 595 —
1321 556 1648 615 Ἀριστοφάνης

208 630 518 672 Δαιταλεῦσιν·
573 627 659 669 Οὐκ
691 623 805 682 αἰσχ.
845 629 934 672 κτλ.
1010 633 1165 672 Eadem
1206 633 1500 671 Grammaticus
1543 632 1650 671 Her-

207 702 343 742 manni
373 715 412 753 p.
445 701 526 740 325
555 701 688 748 affert,
719 701 788 739 ubi
818 694 989 738 πλύνων
1018 695 1151 740 εἰπεῖν
1179 693 1344 739 ἅπασιν
1373 701 1547 752 legitur,
1577 700 1650 740 ita-

208 784 287 823 que
316 771 517 811 Athenaei
548 770 750 820 Epitome.
816 765 1052 809 Eustathius
1083 785 1120 823 p.
1152 772 1206 810 74
1236 773 1290 810 2:
1324 764 1653 822 Ἀριστοφάνης

207 865 262 872 —
290 835 314 878 ὁ
343 833 494 884 αὐτός·
533 832 707 890 τάριχον
743 834 898 876 τοῦτον
936 833 1095 878 πλύνω.
1157 833 1319 877 Πλύνει
1359 852 1440 879 non
1472 839 1653 878 dissimili

207 908 329 947 modo
369 900 519 946 (lictum
559 907 667 958 apud
698 906 878 946 Dioclem
916 908 1023 958 apud
1054 908 1243 947 Photium
1275 922 1313 959 p.
1347 909 1450 948 124:
1490 902 1653 946 ΙΙλύνει

209 973 255 1014 δὲ
300 972 355 1014 τὰ
395 970 505 1014 κακὰ
547 972 632 1013 τῶν
670 971 811 1013 κακῶν
853 971 964 1027 ἡμᾶς
1011 973 1203 1025 (κακῶς)
1248 979 1289 1015 et
1324 977 1365 1015 in
1401 977 1651 1017 Acharneus.

208 1058 248 1085 v.
290 1045 400 1084 389:
441 1038 759 1097 Κᾶκυκλοβόρει
799 1040 1025 1084 κᾶπλυνεν.
1099 1046 1167 1086 Vs.
1198 1046 1223 1084 2
1265 1039 1393 1099 αὐτῷ.
1451 1047 1653 1085 Herman-

210 1125 286 1154 nus
324 1107 458 1167 αὐτῷ,
502 1118 543 1153 at
581 1127 790 1166 compares
831 1114 1020 1164 Xenoph.
1059 1114 1314 1153 Memorabil.
1347 1114 1442 1153 117
1476 1115 1498 1152 1
1545 1114 1651 1153 adde

210 1181 417 1234 wyttenb.
456 1181 507 1221 ad
543 1182 702 1222 Platon.
741 1183 895 1221 Phaed.
934 1195 974 1233 p.
1005 1179 1119 1234 2443
1183 1182 1357 1223 Videtur
1395 1187 1530 1221 autem
1574 1182 1654 1222 hoc

212 1262 375 1303 quoque
403 1251 676 1304 fragmentum
704 1252 755 1291 ad
788 1251 999 1291 scurrilem
1028 1251 1145 1291 istam
1168 1252 1417 1291 comoediam
1434 1251 1654 1304 pertinere.

439 1451 494 1496 Τι’
523 1453 626 1506 δαίς
656 1452 849 1496 κυνίδιον
877 1453 1036 1496 λεπτὸν
1062 1451 1193 1511 ἐπρίω
1222 1452 1275 1512 τῇ
1303 1451 1395 1510 θεᾷ

431 1534 490 1588 εἷς
518 1537 595 1588 τὰς
622 1535 840 1593 τριόδουςς

324 1640 548 1680 Scholiasta
577 1640 788 1681 Theocriti
819 1638 857 1678 11
888 1638 965 1678 12:
994 1631 1209 1686 Σκύλακες
1249 1634 1322 1677 διὰ
1364 1633 1413 1676 τὸ
1443 1632 1657 1685 σκύλακας

213 1703 479 1762 ἐκφέρεσθαι
518 1707 672 1749 δεῖπνα
709 1706 761 1764 τῇ
793 1701 967 1761 ιΕκάτῃ.
1030 1701 1358 1761 ’Λριστοφάνης
1408 1705 1454 1746 ἐν
1490 1706 1654 1747 Δαιτα-

215 1773 382 1816 λεῦσιν·
424 1775 468 1816 τί
508 1776 554 1818 δὲ
581 1774 775 1818 κυνίδιον
803 1775 962 1830 λεπρὸν
991 1774 1142 1816 λευκὸν
1170 1775 1258 1818 κτλ.
1325 1777 1494 1829 Scripsit
1523 1778 1657 1818 Elms-

214 1845 319 1886 leius
354 1847 406 1887 ad
444 1848 620 1889 Acharn.
659 1861 696 1887 v.
725 1848 830 1886 724:
882 1843 936 1884 Τί
973 1841 1072 1896 δαίς
1107 1843 1264 1899 λεπρὸν
1302 1843 1494 1886 κυνίδιον
1528 1842 1659 1900 ἐπρίω

214 1911 269 1969 τῇ
296 1914 390 1971 θεῷ
418 1915 494 1955 κτλ
572 1917 679 1957 Mihi
723 1929 857 1967 neque
894 1912 1053 1969 λεπρὸν
1090 1929 1223 1968 neque
1258 1913 1407 1954 λευκὸν
1435 1921 1570 1968 aptum
1599 1917 1657 1955 vi-

216 1983 349 2033 detur,
379 1986 515 2037 itaque
544 1982 701 2024 λεπτὸν
730 1986 888 2037 scripsi.
955 1975 1147 2026 Ceterum
1175 1986 1255 2025 hoc
1284 1997 1446 2037 quoque
1474 1986 1523 2024 ad
1552 1986 1658 2024 ludi-

217 2064 331 2092 crum
377 2055 652 2105 spectaculum
692 2054 935 2094 rettulerim.
1006 2054 1179 2093 Prorsus
1221 2054 1418 2094 diversam
1461 2054 1657 2094 rationem

218 2122 403 2174 sequitur
431 2122 686 2163 Fritzsehius
716 2135 757 2174 p.
787 2122 855 2161 30.

891 2229 1005 2270 XIII.

245 2298 409 2350 Ἀισον
439 2307 491 2361 δή
516 2325 591 2365 μοι
621 2309 795 2354 σκόλιόν
823 2325 864 2351 τι
893 2307 1042 2363 λαβών
1066 2305 1280 2351 Ἀλκαίου
1307 2307 1629 2367 κάνακρέοντος.

328 2421 564 2462 Athenaeus
591 2422 666 2464 XV
697 2437 735 2475 p.
766 2422 848 2462 094
882 2423 938 2462 A:
966 2417 1234 2473 Ἐμέμνηντο
1265 2418 1310 2459 δὲ
1337 2419 1380 2459 οἱ
1407 2419 1559 2460 πολλοὶ
1585 2419 1658 2459 καὶ

218 2486 304 2528 τῶν
337 2484 553 2529 Ἀττικῶν
581 2488 752 2530 ἐκείνων
794 2487 995 2529 σκολίων·
1036 2483 1144 2542 ἅπερ
1173 2490 1247 2530 καὶ
1276 2485 1390 2530 αὐτὰ
1418 2486 1539 2540 ἄξιόν
1566 2485 1659 2527 ἐστι’

218 2569 291 2596 σοι
322 2554 707 2611 ἀπομνημονεῦσαι
746 2554 820 2598 διά
854 2566 898 2598 τε
935 2556 1015 2608 τὴν
1043 2554 1308 2612 ἀρχαιότητα
1346 2558 1420 2598 καὶ
1449 2553 1657 2610 ἀφέλειαν

218 2623 303 2666 τῶν
331 2624 605 2676 ποιησάντων
642 2628 716 2668 καὶ
746 2627 831 2668 τῶν
858 2626 1179 2680 ἐπαινουμένων
1213 2626 1284 2666 ἐπὶ
1320 2625 1373 2682 τῇ
1401 2621 1495 2682 ι’ὃίᾳ
1523 2621 1658 2681 ταύτῃ

218 2692 294 2745 τῆς
323 2695 560 2747 ποιητικῆς,
585 2692 801 2738 Ἀλκαίου
828 2710 873 2738 τε
900 2696 975 2738 καὶ
999 2691 1327 2751 Ἀνακρέοντος,
1367 2690 1423 2742 ὥς
1449 2690 1658 2750 ,Αριστο-
