1716 3164
211 173 294 214 72⁰
797 168 1067 210 ARcum

211 282 445 324 venditione
475 275 714 334 κορακίνων
741 278 915 318 inditum
945 278 1083 319 fuerit.
1126 279 1219 321 Hoc
1247 283 1497 334 postremum
1527 279 1661 321 minus

209 358 324 393 recte
354 351 505 390 dictum
535 355 613 390 est.
671 343 825 402 Κόραξ
853 349 975 401 piscis
1006 362 1153 389 nomen
1183 355 1268 399 est;
1303 351 1399 390 hinc
1437 354 1550 390 recte
1587 362 1661 390 no—
1714 354 1716 357 “

211 435 304 462 men
344 420 553 472 proprium
597 418 800 459 formatur
839 415 1082 473 Κορακίων.
1162 420 1222 459 De
1266 419 1388 459 Cobio
1425 419 1660 459 Salaminio

210 491 313 531 nihil
351 493 521 529 constat.
588 489 841 538 „Batrachus
881 494 923 528 et
951 502 1089 529 ranam
1120 490 1320 540 significat
1350 493 1391 528 et
1419 502 1566 529 nomen
1597 491 1662 527 est

211 560 382 600 alicuius
422 559 491 610 qui
529 571 620 598 cum
660 559 754 598 odio
786 559 1005 598 multorum
1035 559 1204 600 Athenis
1245 563 1330 597 tum
1360 559 1522 610 paredi-i
1551 558 1660 598 vices

209 629 480 687 fungebatu'r,
519 629 585 667 vet
627 640 676 667 eo
717 628 839 680 vulgo
879 630 1011 669 minus
1048 635 1186 681 gratus
1226 628 1334 679 quod
1371 640 1450 667 nou
1487 627 1659 667 Athenis

209 703 328 739 natus
359 702 468 746 erat,
509 698 582 737 sed
619 697 659 736 in
692 697 874 738 Ilistiaea
903 699 988 738 sive
1019 699 1127 738 Oreo
1158 697 1392 738 Euboeae?
1451 696 1660 736 Casaubo-

210 781 300 808 nus.
367 768 498 807 Notus
540 771 602 806 est
645 767 869 807 Batrachus
906 769 981 807 sub
1021 768 1185 819 triginta
1223 768 1402 806 virorum
1451 766 1659 805 dominatu

210 838 381 877 delator.
447 837 525 887 Qui
554 850 650 877 num
679 839 788 879 idem
819 839 870 878 sit
900 849 991 877 cum
1022 838 1156 886 Orita,
1196 837 1285 888 quis
1327 835 1497 875 definire
1527 835 1659 875 ausit?

210 908 302 948 Non
333 906 490 946 dubitat
520 908 767 948 tamen-Th.
799 908 1000 960 Bergkius
1029 908 1256 948 Comment.
1287 919 1326 958 p.
1356 906 1450 945 380.
1507 904 1580 945 Gfr
1610 904 1658 944 L.

209 975 444 1018 Hoelscher
473 976 525 1017 de
555 978 636 1018 vita
665 978 813 1030 Lysiae
842 991 882 1030 p.
915 977 1010 1018 147.
1579 992 1585 995 ¹

431 1188 727 1244 Αἱρουμένους
755 1204 800 1231 τε
832 1188 1098 1246 πραγμάτων
1125 1186 1360 1236 ἐπιστάτας

428 1268 778 1327 ἀποδοκιμάζειν,
810 1265 929 1326 [εἶτα
959 1271 1222 1327 δοκιμάζειν]
1255 1268 1398 1313 πάλιν.

426 1351 481 1405 ἢν
509 1347 588 1397 οὖν
617 1357 806 1412 ποιῶμεν
834 1357 987 1409 ταῦτα,
1016 1354 1213 1405 κίνδυνος
1242 1356 1401 1396 λαθεῖν

427 1435 744 1491 ἁπαξάπαντας
772 1442 1026 1495 γενομένους
1055 1439 1397 1495 παλιναιρέτους.

316 1552 588 1605 Harpocratio
618 1569 657 1607 p.
684 1555 764 1595 142
793 1555 868 1596 25:
897 1547 964 1594 ὅτι
993 1550 1074 1607 γὰρ
1102 1549 1201 1600 τοὺς
1229 1546 1449 1598 τοιούτους
1477 1545 1655 1589 ἐκάλουν

207 1619 551 1676 παλιναιρέτους,
579 1623 654 1663 καὶ
682 1622 781 1673 τοὺς
811 1621 1286 1678 ἀποχειροτονηθέντας
1313 1621 1386 1661 καὶ
1409 1615 1543 1660 πάλιν
1567 1633 1653 1672 χει-

208 1691 546 1746 ροτονηθέντας,
575 1690 767 1743 Εὔπολίς
794 1708 838 1734 τε
868 1693 914 1734 ἐν
927 1690 1130 1739 Βάπταις
1160 1690 1290 1741 δηλοῖ
1311 1690 1387 1730 καὶ
1405 1686 1655 1743 ”Αρχιππος

206 1758 252 1800 ἐν
295 1760 383 1808 τοῖς
425 1758 601 1815 Ἰχθύσι
651 1763 786 1817 λέγων
827 1762 1124 1818 Λὶρουμένους
1168 1774 1212 1800 τε
1257 1757 1522 1815 πραγμάτων
1563 1757 1653 1800 κτλ.

205 1833 343 1875 Verba
381 1835 495 1874 uncis
534 1834 691 1876 inclusa
729 1838 841 1876 certa
881 1835 1115 1875 coniectura
1153 1833 1307 1873 addidit
1337 1833 1542 1872 Pet-sonus
1571 1830 1652 1871 Mi-

205 1902 319 1944 scen.
349 1916 388 1955 p.
418 1903 514 1944 281.

891 2016 964 2059 IV,

343 2101 400 2142 A.
436 2096 490 2141 Τι’
517 2099 650 2152 λέγεις
679 2096 755 2153 025,-
782 2098 958 2155 μάντεις
985 2098 1070 2144 εἰσι
1097 2099 1179 2156 γὰρ
1206 2096 1472 2151 θαλάσσιοι,-

346 2183 397 2226 Β.
428 2183 474 2224 Γ
465 2182 631 2236 αλεοὶγε
661 2181 837 2226 πάντων
864 2183 1061 2240 μάντεων
1090 2181 1354 2240 σοφώτατοι.

313 2297 547 2350 Stephanus
577 2285 676 2350 Bffvz.
706 2311 746 2350 p.
778 2299 880 2338 197:
911 2295 1134 2339 Γαλεῶται
1160 2282 1357 2351 μάντεων
1385 2285 1499 2343 εἶδος
1527 2293 1649 2335 Σικε-

200 2362 299 2406 λῶν.
358 2363 510 2418 γαλεὸς
548 2364 594 2405 δὲ
631 2365 707 2405 καὶ
736 2363 759 2405 ὁ
789 2363 1118 2420 άσκαλαβώτης.
1180 2363 1411 2414 Φιλύλλιος
1439 2361 1566 2421 Αὔγῃ
1594 2391 1650 2398 --

198 2434 272 2474 καὶ
292 2432 541 2491 ΤΑρχιππος
566 2431 747 2488 Ἰχθύσι
783 2434 837 2475 Τι’
865 2436 998 2488 λέγεις
1027 2436 1083 2478 σὺ
1109 2433 1291 2491 μάντις;
1333 2431 1417 2475 εἶσὶ
1445 2432 1528 2488 γὰρ
1555 2432 1647 2473 θα·

199 2500 375 2545 λάσσιοι
404 2501 551 2558 γαλεοί
580 2518 625 2557 γξ
655 2503 745 2545 κτλ.
790 2506 906 2546 Haec
934 2509 989 2547 ita
1020 2507 1321 2547 emendavimus
1351 2510 1396 2545 ut
1426 2518 1547 2558 supra
1575 2504 1647 2544 ad-

199 2576 349 2627 scripta
385 2581 491 2616 sunt.
569 2576 822 2615 Confirmant
858 2577 976 2616 codd.
1016 2577 1161 2616 Palatt.
1206 2577 1246 2615 in
1291 2575 1436 2627 quibus
1474 2570 1648 2626 μάντεις

199 2646 394 2697 scriptum
425 2648 500 2684 est.
560 2644 638 2695 Qui
669 2644 850 2685 secundo
879 2658 1001 2686 versu
1031 2649 1400 2685 commemorantur
1428 2644 1557 2695 galei,
1595 2643 1646 2682 ad

199 2715 390 2756 Galeotas
420 2713 626 2764 alludunt,
667 2719 950 2767 portentorum
987 2715 1233 2769 interpretes
1262 2714 1557 2763 nobilissimos,'
1594 2713 1646 2753 de
