1716 3164
688 153 776 199 ΚΩ
787 155 923 200 ΚΑΛ
927 156 1016 201 ΟΣ.
1485 162 1602 205 1⁰⁰5

105 272 319 329 μέγαλαις
348 270 564 326 σφέτερον
593 270 731 326 δέμας
760 268 922 313 οὐδένα
952 269 1134 327 κόσμον.
1209 276 1263 317 At
1294 275 1397 316 illud
1428 281 1598 330 apparet

103 359 184 387 non
212 349 293 385 tam
324 344 504 385 delenda
530 358 623 385 esse
656 344 745 394 ista,
775 344 886 397 quod
918 345 1052 386 visum
1070 346 1302 397 Dindorfio,
1334 361 1457 400 quam
1477 348 1598 401 plura

102 416 324 465 excidisse,
362 417 419 456 ita
459 421 506 456 ut
547 416 846 456 sententiarum
888 416 991 455 ordo
1025 430 1197 470 prorsus
1229 418 1281 458 sit
1302 420 1596 471 perturbatus,

101 501 178 528 nec
207 487 333 528 facile
363 488 527 528 restitui
558 488 708 540 possit:
747 486 866 527 valde
911 491 1049 527 tamen
1089 489 1282 541 displicet
1328 491 1434 530 illud
1472 503 1596 545 2³4)oe-

98 557 362 612 μευομέναις
390 553 594 605 κοτύλαις
619 552 846 610 μεγάλαις,
877 559 1107 610 neseioque
1138 572 1188 599 an
1221 561 1486 602 scribendum
1518 564 1594 604 sit:

99 626 544 684 κεραμευόμεναι
573 623 810 674 κοτύλας
831 623 1106 680 μεγάλας,
1127 631 1475 682 quemadmodum
1495 634 1594 676 dixit

101 701 376 742 Pherecrates
406 702 448 742 in
481 700 723 754 Tyrannide
754 700 921 752 Fragm.
954 700 972 740 1
1005 700 1058 741 de
1089 701 1316 741 mulierum
1348 703 1591 745 vitiositate:
1648 755 1652 759 ,

96 761 198 811 Εἶτ’
230 766 580 826 ἐκεραμεύσαντο
623 771 713 818 τοῖς
751 770 833 824 μὲν
873 766 1090 826 ἀνδράσιν
1133 765 1323 826 ποτήρια
1363 800 1417 807 -
1447 771 1592 830 Σφίσι

98 840 144 882 δέ
174 837 218 895 y'
251 837 460 884 αὐταῖσιν
490 838 688 896 βαθείας
715 839 908 889 κύλικας.

205 1014 417 1055 zenobius
450 1013 506 1055 vl
537 1014 619 1054 47:
659 1009 888 1066 Χρυσὸς
920 1007 946 1052 o‘
979 1009 1376 1069 Κολοφώνιος·
1417 1014 1587 1070 μέμνη-

92 1096 166 1124 ται
197 1079 359 1135 ταύτης
388 1078 720 1141 Ἀριστοφάνης
751 1082 799 1123 ἑν
830 1079 1030 1142 Κωκάλῳ
1104 1083 1273 1139 εἴρηται
1306 1084 1351 1125 δὲ
1385 1083 1587 1141 παρόσον

91 1154 134 1195 οἱ
151 1151 435 1210 Κολοφώνιοι
467 1152 544 1196 τὸν
573 1150 813 1196 κάλλιστον
826 1154 998 1212 χρυσὸν
1026 1151 1297 1211 ἐργάζεσθαι
1316 1155 1585 1211 νομίζονται.

800 1261 873 1302 IX.

203 1346 468 1400 Hesychius:
502 1340 711 1394 Ἰπνός·
753 1372 805 1379 -
843 1339 1183 1399 Ἀριστοφάνης
1222 1343 1268 1386 δὲ
1307 1345 1355 1387 ἐν
1389 1344 1585 1404 Κωκάλῳ

86 1415 161 1457 καὶ
190 1412 270 1456 τὸν
296 1414 504 1471 κοπρῶνα
534 1410 672 1465 οὕτως
702 1407 836 1458 εἶπεν.
906 1418 1097 1458 Pertinet
1133 1417 1218 1459 huc
1250 1418 1402 1462 Pollux
1437 1420 1473 1463 V
1503 1421 1582 1462 91:

87 1485 169 1528 τὸν
197 1486 244 1528 δὲ
273 1486 482 1543 κοπρῶνα
514 1488 590 1528 καὶ
621 1482 753 1528 ἰπνὸν
780 1483 1117 1543 Ἀριστοφάνης
1145 1486 1282 1531 καλεῖ.

799 1574 852 1616 Χ.

196 1660 434 1714 Stephanus
473 1662 573 1714 Byz.
612 1661 654 1701 in
697 1674 735 1702 v.
776 1655 1026 1712 Κόρινθος,
1063 1685 1116 1693 —
1156 1659 1232 1700 καὶ
1271 1655 1578 1715 κορινθιά-

85 1728 248 1784 ζομαι
287 1728 338 1770 τὸ
379 1727 564 1784 ἑταιρεῖν
602 1725 692 1771 ἀπὸ
733 1729 822 1771 τῶν
860 1729 907 1771 ἐν
939 1727 1158 1787 Κορίνθῳ
1197 1728 1397 1788 ἑταιρῶν.
1457 1726 1486 1783 ἢ
1527 1729 1577 1773 τὸ

84 1796 419 1856 μαστροπεύων.
477 1798 809 1857 Ἀριστοφάνης
838 1801 885 1843 ἐν
920 1797 1130 1859 Κωκάλῳ.

782 1889 854 1930 ΧΙ.

194 1972 357 2013 Gellius
387 1972 486 2013 XlX
517 1973 597 2013 13:
656 1969 841 2023 ,,Νάνο
856 1986 914 2021 υς
967 1974 1077 2013 enim
1123 1972 1275 2013 Graeci
1320 1975 1574 2013 vocaverunt

81 2044 198 2085 brevi
237 2049 362 2097 atque
402 2043 552 2084 humili
583 2057 759 2098 corpore
789 2046 1005 2095 homines,
1044 2045 1213 2097 paulum
1254 2057 1380 2097 supra
1420 2047 1574 2083 terram

80 2119 300 2165 exstantes,
331 2115 457 2167 idque
486 2116 544 2155 ita
574 2115 767 2156 dixerunt
799 2116 982 2156 adhibita
1011 2115 1187 2168 quadam
1219 2116 1380 2156 ratione
1412 2118 1574 2167 etymo-

79 2187 214 2239 logiae
252 2199 345 2227 cum
378 2188 585 2227 sententia
615 2188 805 2228 vocabuli
837 2191 1128 2240 competente,
1174 2191 1240 2236 et,
1282 2187 1316 2226 si
1357 2184 1571 2241 memoria,

79 2257 211 2308 inquit
242 2257 575 2309 (Apollinaris),
617 2259 719 2297 mihi
758 2271 842 2298 non
879 2259 1012 2306 labat,
1054 2257 1258 2309 scriptum
1299 2256 1382 2295 hoe
1422 2259 1486 2295 est
1526 2254 1570 2294 iu

80 2327 294 2366 comoedia
324 2326 628 2378 Aristophanis,
660 2328 726 2367 cui
758 2341 910 2368 nomen
944 2332 1010 2367 est
1039 2322 1236 2372 duaaae'gss’
1281 2327 1415 2367 Recte
1435 2326 1569 2366 Brun-

79 2397 170 2437 kius
203 2392 426 2444 Κώκαλος,
461 2397 581 2438 codd.
613 2392 783 2446 άκαλές,
816 2392 995 2445 άκλαής,
1027 2390 1230 2446 ἀκλαιής,
1260 2391 1458 2443 άκλανὲς.

764 2483 858 2523 X11.

194 2566 339 2605 Pollux
359 2566 414 2608 lv
447 2567 549 2606 187:
582 2565 674 2606 Καὶ
705 2563 1119 2621 στραγγουρία,
1149 2561 1207 2613 ὠς
1235 2558 1567 2620 Ἀριστοφάνης

80 2633 125 2674 ἐν
157 2632 367 2691 Κωκάλῳ.
428 2638 497 2678 Sic
527 2644 641 2679 recte
672 2639 764 2679 cod.
795 2640 1022 2686 Falkenb.,
1062 2638 1188 2690 vulgo
1218 2637 1460 2678 comoediae
1489 2648 1563 2676 no·

82 2718 176 2747 men
207 2707 338 2749 deest.
400 2709 558 2750 Eadem
590 2723 667 2751 vox
698 2711 852 2765 legitur
879 2710 921 2750 in
951 2709 1077 2762 Vesp.
1108 2708 1206 2750 810.
