1716 3164
209 164 319 205 112ss
726 129 1135 207 Ait-[STOPHANIS

209 271 350 328 φάνης
388 269 432 309 ἐν
464 266 660 312 Ὀλκάσι.
727 274 899 315 Videtur
943 275 1022 315 hoc
1065 275 1226 316 nomine
1265 275 1554 328 sycophantam
1585 276 1659 315 ali-

209 355 329 394 quem
350 341 629 393 appellavisse,
660 344 997 394 quemadmodum
1016 350 1076 384 est
1092 345 1133 385 in
1153 345 1479 384 Acharnensibus
1499 357 1533 384 v.
1551 345 1658 384 725:

207 405 439 449 Ἐνταῦθα
467 423 574 461 μητε
613 406 888 465 συκοφάντης
926 406 1070 452 εἰσίτω
1103 408 1226 461 ΉΙήτ’
1261 407 1430 486 ἄλλος’
1415 406 1533 460 ὅστις
1566 412 1660 453 Ψα-

209 474 359 525 σιανός
388 473 482 518 ἐστ’
514 473 639 532 ἀνήρ
860 510 898 551 353

851 558 1043 599 XXVIII.

323 640 468 679 Pollux
500 641 517 679 1
545 641 629 680 83:
659 639 843 692 Λέγοιτο
874 636 917 678 δ’
954 634 1010 679 ἂν
1039 639 1185 692 ταχεῖα
1215 638 1319 687 ναῖς
1347 641 1418 679 καὶ
1450 652 1660 694 ταχυναυ-

211 705 350 747 τοῦσα
380 707 454 747 καὶ
484 705 751 762 δρομάδες
781 704 1028 759 ὁλκάδες,
1057 705 1113 756 ὡς
1139 704 1481 764 Ἀριστοᾳάνης.

587 951 1306 995 IIEAAPI'OI.

322 1071 496 1123 Scripsit
534 1071 587 1112 dc
623 1073 702 1113 hac
743 1075 954 1115 comoedia
993 1075 1237 1127 peculiarem
1281 1073 1660 1113 commentationem

211 1139 468 1180 Fritzschius
496 1140 536 1179 in
568 1143 735 1193 quaest.
768 1144 977 1195 Aristoph.
1008 1158 1046 1196 p.
1079 1145 1099 1183 l
1133 1155 1220 1193 sqq.
1249 1143 1319 1181 ubi
1348 1143 1490 1181 miram
1520 1148 1661 1193 protu-

209 1209 260 1247 lit
290 1209 565 1249 coniecturam
596 1211 648 1250 de
678 1212 861 1265 Pelasgis
890 1213 974 1252 illis
1004 1212 1177 1264 antiquis
1204 1217 1246 1251 et
1277 1211 1456 1251 barbaris
1488 1210 1661 1250 homini-

207 1277 308 1325 bus,
353 1289 455 1328 quos
486 1279 777 1331 Aristophanes
808 1282 1188 1333 repraesentaverit.
1254 1280 1474 1321 Comoedia
1513 1292 1661 1319 nomen

208 1347 366 1398 accepit
403 1360 426 1386 a
457 1347 645 1397 ciconiis,
683 1350 734 1389 de
763 1363 932 1402 quarum
972 1352 1124 1403 pietate
1155 1349 1450 1401 multaexapud
1480 1349 1660 1388 Graecos

208 1415 449 1455 ferebantur
484 1415 674 1466 fabulae,
713 1419 901 1459 conferas
930 1421 1031 1459 Fab.
1063 1422 1212 1471 Aesop.
1245 1419 1412 1459 LXXVI
1444 1419 1550 1470 apud
1581 1420 1661 1457 Co-

207 1497 307 1524 raen
336 1498 376 1536 p.
408 1484 519 1524 359:
550 1481 775 1538 Πελαργός
804 1481 903 1540 εἰμι,
933 1483 1245 1540 εὐσεβέστατον
1273 1485 1404 1536 ζῶον,
1432 1480 1550 1533 ὅστις
1578 1500 1662 1539 μη·

208 1551 298 1606 τέρι
325 1552 398 1591 καὶ
428 1553 582 1607 πατέρι
610 1553 809 1597 δουλεύω.
869 1558 985 1598 Adde
1018 1559 1208 1598 Photium
1239 1571 1277 1609 p.
1294 1556 1376 1596 245
1405 1557 1432 1595 4
1462 1570 1522 1608 sq.
1581 1557 1661 1597 lta-

210 1635 290 1674 que
335 1628 455 1674 poeta
500 1625 662 1666 videtur
705 1627 950 1667 ciconiarum
989 1627 1182 1678 pietatem
1222 1637 1313 1665 cum
1352 1626 1661 1665 Atheniensium

210 1692 424 1744 impietate
455 1697 746 1746 composuisse,
777 1708 1015 1747 quamquam
1046 1701 1156 1735 tanta
1187 1700 1248 1734 est
1263 1695 1442 1746 paucitas
1471 1695 1661 1745 reliquia-

209 1773 317 1810 rum,
348 1765 392 1801 ut
421 1775 554 1814 neque
585 1771 868 1817 argumentum
907 1778 1040 1817 neque
1078 1770 1237 1817 tempus
1269 1776 1347 1815 quo
1378 1763 1513 1804 fabula
1545 1764 1662 1804 docta

210 1830 278 1880 sit,
309 1830 490 1871 dilucide
520 1835 722 1885 expedias.

934 1924 965 1963 1.

323 2002 554 2041 Scholiasta
586 2003 766 2045 Platonis
798 2019 835 2057 p.
868 2006 951 2044 330
992 2006 1056 2045 ed.
1086 2007 1273 2046 Bekker:
1317 2003 1574 2052 ἉΙέλητος
1618 2001 1663 2041 δὲ

209 2067 453 2124 τραγῳδίας
482 2069 649 2123 φαῦλος
673 2069 867 2121 ποιητής,
906 2070 1028 2127 Θρᾲξ,
1056 2074 1193 2123 γένος,
1234 2070 1291 2120 ὠς
1334 2068 1663 2125 Ἀριστοφάνης

207 2136 474 2194 Βατράχοις,
504 2138 765 2192 Πελαργοῖς,
794 2140 981 2182 Λαΐου
1017 2139 1154 2192 υἱὸν,
1177 2137 1352 2181 αὐτὸν
1380 2140 1539 2193 λέγων,
1570 2139 1662 2179 ἐπεὶ

210 2198 242 2265 ᾧ
282 2206 365 2249 ἕτιι
410 2209 452 2248 οἱ
484 2207 702 2262 Πελαργοὶ
739 2208 1019 2250 ἐδιδάσκοντο
1060 2210 1134 2250 καὶ
1175 2206 1198 2249 ὁ
1238 2209 1438 2259 Μέλητος
1485 2205 1662 2249 Οἰδιπο-

213 2274 334 2318 δείαν
362 2277 574 2328 καθῆκεν,
603 2275 661 2326 ὠς
688 2275 992 2333 Ἀριστοτέλης
1009 2275 1342 2327 Διδασκαλιάις·
1374 2280 1419 2319 ἐν
1449 2278 1494 2319 δὲ
1526 2280 1662 2333 ,Γεωρ-

210 2349 301 2399 γοῖς
329 2345 386 2395 ὠς
419 2343 619 2388 Καλλίαν
659 2347 939 2401 περαίνοντος
979 2346 1113 2389 αὐτοῦ
1140 2349 1369 2402 μέμνηται.
1428 2350 1664 2402 Μέμνηται

211 2413 349 2456 αὐτοῦ
391 2418 466 2457 καὶ
505 2413 676 2464 Λυσίας
719 2417 763 2457 ἐν
809 2414 1066 2472 Σωκράτους
1108 2415 1340 2475 ἀπολογίᾳ.
1411 2420 1663 2460 Scholiastae

209 2489 334 2527 verba
364 2493 520 2528 temere
551 2488 802 2528 Fritzschius
833 2490 1021 2537 tentavit,
1062 2494 1176 2528 recte
1206 2502 1302 2529 vero
1333 2494 1471 2529 censet
1500 2494 1662 2539 poetam

209 2556 479 2608 appellavisse
514 2557 715 2596 Meletum
756 2558 843 2597 Laii
879 2558 1034 2606 filium,
1075 2570 1154 2598 non
1194 2558 1300 2610 quod
1339 2570 1388 2596 eo
1427 2559 1517 2609 ipso
1557 2568 1661 2596 anno

213 2625 438 2676 Oedipodis
467 2625 740 2665 tristissimum
767 2625 894 2666 fatum
931 2628 971 2666 in
1004 2627 1216 2679 tetralogia
1253 2626 1385 2676 aliqua
1422 2625 1662 2673 exhibuerit,

209 2693 282 2732 sed
319 2694 454 2746 potius
497 2694 606 2746 quod
645 2695 984 2746 quemadmodum
1022 2696 1144 2736 Laius
1185 2694 1401 2748 Chrysippi
1441 2694 1662 2747 Pelopidae
