1716 3158
628 135 1009 181 ΤΕΛΜΗΣΗΣ.
1436 140 1547 182 1159

65 255 262 302 vexabat,
301 254 623 292 consentaneum
654 257 730 292 est.
804 253 948 305 ltaque
978 252 1029 293 ab
1058 251 1125 292 his
1155 251 1442 305 haruspicibus
1470 265 1541 293 co-

63 325 225 366 moedia
264 323 385 363 traxit
423 322 765 375 appellationem,
805 323 846 362 in
892 335 973 374 qua
1003 322 1170 375 quidem
1209 328 1334 375 poeta
1371 323 1542 364 fraudes

62 400 198 436 vatum
238 393 624 446 superstitionisque
670 393 946 432 temeritatem
995 393 1159 432 videtur
1205 393 1418 434 illusisset
1466 394 1540 434 sed

62 479 141 519 qua
172 467 331 505 ratione
370 464 597 503 institutam
630 463 877 502 sententiam
908 469 1154 515 persecutus
1194 464 1247 503 sit
1276 469 1418 516 poeta,
1457 477 1539 506 uon

21 587 23 589 ‚
61 537 184 576 facile
229 549 278 575 ex
322 534 464 586 paucis
507 533 751 585 fragmentis
798 534 1015 574 coniicias:
1075 545 1211 584 neque
1256 534 1308 573 de
1351 539 1539 587 tempore

62 607 285 660 quidquam
324 609 497 644 constat.
561 602 840 655 Chaerephon
872 603 1038 655 quidem
1068 604 1229 643 ridetur
1258 604 1328 644 Fr.
1359 604 1457 645 XIV
1496 609 1540 645 et

62 684 108 718 ut
150 676 346 724 conficio,
393 674 510 714 Plato
543 675 614 714 Fr.
649 673 722 713 ΙΙΙ.
772 674 915 726 ltaque
945 675 1054 714 inter
1085 674 1338 726 posteriores
1376 674 1538 715 fabulas

62 747 285 788 referenda
340 750 427 784 est:
474 745 613 785 malim
653 748 790 787 tamen
831 744 1016 786 secundo
1056 743 1190 785 ordini
1228 745 1536 786 comoediarum

63 830 182 870 quam
213 816 336 857 tertio
365 815 565 856 inserere.

723 916 756 956 Ι.
814 916 869 957 Π.

285 997 372 1049 Ὠς
401 996 459 1040 ἰίν
488 1012 553 1047 τις
582 993 639 1038 ἂν
668 988 750 1039 οὖν
778 988 818 1056 ᾖ,
850 996 893 1039 τί
923 995 1126 1050 ποιήσας,
1156 988 1190 1038 ὦ
1227 998 1534 1053 Τελεμησσεῖς,·

116 1086 219 1143 φέρε
259 1082 312 1138 δὴ
343 1081 495 1127 τοίνυν
523 1079 674 1124 ταῦθ’
702 1075 814 1127 ὅταν
847 1082 988 1141 ἔλθῃ,
1025 1080 1068 1123 τί
1098 1083 1239 1124 ποιεῖν
1270 1080 1353 1140 χρή
1384 1079 1461 1138 μ’,
1497 1073 1532 1123 ὦ

851 1168 1152 1223 Τελεμησσεῖς.

172 1275 407 1329 Stephanus
449 1277 621 1330 Byzant.
663 1269 928 1328 Τελμισσός·
974 1266 1102 1319 πόλις
1142 1266 1337 1325 Καρίας,
1383 1265 1440 1318 ὥς
1486 1267 1534 1310 δὲ

65 1341 218 1384 Φίλων
254 1345 330 1385 καὶ
365 1342 604 1400 Στράβων,
633 1342 816 1394 Λυκίας.
856 1339 953 1384 ἔστι
988 1339 1072 1397 γὰρ
1112 1337 1375 1397 ἀμφοτέρων
1412 1333 1536 1396 ὅριον

59 1410 171 1467 μετὰ
199 1413 427 1456 Δαίδαλα·
458 1413 483 1457 ὁ
513 1415 696 1468 πολίτης
730 1410 1009 1464 Τελμισσεύς,
1039 1412 1115 1453 καὶ
1146 1410 1296 1467 δρᾶμα
1320 1407 1534 1466 ’.Αριστο-

60 1481 230 1541 φάνους
272 1485 542 1540 Τελμισσεῖς.
598 1487 773 1541 λέγεται
809 1485 885 1526 καὶ
924 1480 1285 1538 τετρασυλλάβως
1327 1481 1536 1536 Τελεμισ-

59 1557 161 1606 σεῖ’ς,
188 1552 246 1606 ὠς
274 1554 407 1608 αὐτὸς
435 1558 482 1598 ἐν
511 1554 652 1616 αὐτῷ·
686 1554 774 1607 Ὠς
804 1552 859 1597 ἄν
888 1569 954 1603 τις
982 1549 1040 1594 ἂν
1067 1543 1148 1594 οὗν
1175 1547 1244 1594 ὅτι
1275 1555 1400 1605 (cod.
1432 1555 1534 1596 Vra-

61 1629 142 1670 tisl.
171 1618 266 1680 ἧτι,
308 1631 426 1673 Voss.
457 1626 562 1683 ἤτι)
605 1625 794 1679 ποιήσας
829 1621 888 1675 ὠς
934 1623 1226 1678 Τελεμισσεῑς,
1263 1624 1337 1664 καὶ
1375 1618 1533 1663 πάλιν·

67 1696 180 1754 Φέρε
218 1726 274 1734 —-
317 1699 604 1755 Τελεμισσεῖς.
675 1697 768 1740 ἔστι
818 1696 865 1738 δὲ
912 1695 964 1737 τὸ
1005 1695 1166 1750 μέτρον
1213 1691 1536 1735 ἀναπαιστικόν

62 1765 353 1824 τετράμετρον
389 1767 731 1823 καταληκτικόν,
771 1760 823 1809 οὗ
862 1766 948 1823 πρὸ
985 1766 1063 1818 τῆς
1092 1762 1343 1814 τελευταίας
1373 1763 1534 1806 συλλα-

63 1838 143 1892 βῆς
173 1837 444 1892 ἀνάπαιστος
474 1840 699 1893 τάττεται,
737 1836 1041 1882 σπανιαίτατα
1073 1836 1119 1878 δὲ
1150 1836 1393 1884 σπονδεῖος.
1451 1837 1534 1890 Igi-

60 1918 129 1952 tur
159 1915 279 1953 metri
307 1917 467 1955 tautum
496 1915 629 1968 gratia
659 1918 782 1967 poeta
819 1911 962 1952 ascivit
1003 1903 1180 1950 formam
1220 1913 1413 1963 quattuor
1450 1907 1532 1969 syl-

61 1983 270 2032 labarum,
307 1997 398 2024 nam
433 1986 662 2038 spondeum
703 1983 850 2024 sedulo
892 1982 1022 2022 vitant
1052 1981 1198 2021 comici
1227 1985 1399 2033 poetae,
1440 1977 1534 2017 vide

62 2058 198 2093 tamen
237 2055 512 2096 Commentat.
544 2070 582 2108 p.
612 2056 709 2095 279.
778 2054 976 2094 Ceterum
1015 2053 1147 2091 r‘arius
1184 2052 1282 2091 urbs
1321 2050 1391 2089 illa
1425 2045 1534 2087 Τελ-

59 2119 253 2176 μησσός,
291 2138 412 2178 quam
448 2123 691 2178 Τελμισσὸς
717 2124 935 2171 scribitur,
966 2122 1100 2174 adque
1130 2135 1221 2162 eam
1251 2133 1435 2176 normam
1466 2119 1535 2158 hic

62 2195 206 2247 scripsi
252 2193 558 2246 Τελεμησσεῐς,
599 2196 837 2236 Dindorfius
878 2196 1032 2232 mavult
1076 2189 1337 2243 Τελεμησῆς.
1406 2190 1533 2228 Prae-

63 2270 179 2303 terea
219 2278 256 2304 v.
288 2265 312 2304 1
356 2267 502 2317 scripsi
531 2254 576 2320 ᾗ,
618 2261 659 2302 τί
692 2261 903 2313 ποιήσας,
942 2253 974 2302 ὦ
1014 2260 1315 2313 Τελεμησσεῖς,
1376 2260 1533 2308 Priora,

63 2346 157 2373 cum
187 2334 338 2386 aliquid
378 2335 596 2383 exciderit,
635 2335 910 2387 redintegrari
954 2336 1177 2383 nequeunt.
1237 2330 1425 2370 Consulit
1461 2341 1534 2368 au-

0 2452 2 2467 >
64 2410 146 2443 tem
178 2404 323 2456 aliquis
353 2405 511 2444 consilii
540 2405 676 2456 inops,
706 2405 856 2446 ostenti
888 2410 932 2445 ut
964 2403 1128 2442 videtur
1159 2406 1270 2441 metu
1296 2410 1533 2452 percussus,

0 2479 1 2522 j
67 2463 313 2528 haruspices
345 2476 672 2515 Telmessenses.

240 2631 303 2677 Οὐ
331 2633 413 2690 γὰρ
442 2631 629 2689 τίθεμεν
658 2633 734 2676 τὸν
760 2631 908 2688 ἀγῶνα
941 2631 1063 2674 τόνδε
1093 2629 1170 2672 τὸν
1200 2625 1365 2685 τρόπον

234 2714 352 2762 ιῖίσπε
410 2720 513 2770 τέως
544 2709 613 2771 ἦν,
645 2717 757 2760 αλλὰ
788 2718 951 2771 καινῶν
984 2711 1266 2773 πραγμάτων.
