<?xml version="1.0" encoding="UTF-8"?>
<!DOCTYPE html PUBLIC "-//W3C//DTD XHTML 1.0 Transitional//EN"
    "http://www.w3.org/TR/xhtml1/DTD/xhtml1-transitional.dtd">
<html xmlns="http://www.w3.org/1999/xhtml" xml:lang="en" lang="en">
 <head>
  <title>
</title>
<meta http-equiv="Content-Type" content="text/html;charset=utf-8" />
  <meta name='ocr-system' content='tesseract 3.04.00' />
  <meta name='ocr-capabilities' content='ocr_page ocr_carea ocr_par ocr_line ocrx_word'/>
</head>
<body>
  <div class='ocr_page' id='page_1' title='image "./fragmentacomicor02meinuoft_0325.png"; bbox 0 0 1716 3164; ppageno 0'>
   <div class='ocr_carea' id='block_1_1' title="bbox 589 131 1553 175">
    <p class='ocr_par' dir='ltr' id='par_1_1' title="bbox 589 131 1553 175">
     <span class='ocr_line' id='line_1_1' title="bbox 589 131 1553 175; baseline -0.002 0"><span class='ocrx_word' id='word_1_1' title='bbox 589 131 1038 175; x_wconf 78' lang='lat' dir='ltr'>ARISTOPHANES.</span> <span class='ocrx_word' id='word_1_2' title='bbox 1466 131 1553 173; x_wconf 74' lang='lat'><strong>023</strong></span> 
     </span>
    </p>
   </div>
   <div class='ocr_carea' id='block_1_2' title="bbox 75 245 1574 724">
    <p class='ocr_par' dir='ltr' id='par_1_2' title="bbox 75 245 1574 724">
     <span class='ocr_line' id='line_1_2' title="bbox 81 245 1553 301; baseline -0.005 -8"><span class='ocrx_word' id='word_1_3' title='bbox 81 256 165 293; x_wconf 85' lang='lat' dir='ltr'><strong>tum</strong></span> <span class='ocrx_word' id='word_1_4' title='bbox 195 251 290 290; x_wconf 85' lang='lat' dir='ltr'><strong>ante</strong></span> <span class='ocrx_word' id='word_1_5' title='bbox 319 248 485 301; x_wconf 87' lang='lat' dir='ltr'><strong>Olymp.</strong></span> <span class='ocrx_word' id='word_1_6' title='bbox 518 246 731 288; x_wconf 83' lang='lat' dir='ltr'><strong>LXXXIX</strong></span> <span class='ocrx_word' id='word_1_7' title='bbox 762 246 789 285; x_wconf 83' lang='lat'>4</span> <span class='ocrx_word' id='word_1_8' title='bbox 832 245 1151 298; x_wconf 74' lang='lat' dir='ltr'><strong>Aristophanem</strong></span> <span class='ocrx_word' id='word_1_9' title='bbox 1188 256 1394 298; x_wconf 84' lang='lat' dir='ltr'><strong>nunquam</strong></span> <span class='ocrx_word' id='word_1_10' title='bbox 1432 257 1553 286; x_wconf 86' lang='lat' dir='ltr'><strong>suum</strong></span> 
     </span>
     <span class='ocr_line' id='line_1_3' title="bbox 79 315 1553 373; baseline -0.003 -11"><span class='ocrx_word' id='word_1_11' title='bbox 79 335 230 364; x_wconf 87' lang='lat' dir='ltr'><strong>nomen</strong></span> <span class='ocrx_word' id='word_1_12' title='bbox 264 320 499 373; x_wconf 81' lang='lat' dir='ltr'><strong>professum</strong></span> <span class='ocrx_word' id='word_1_13' title='bbox 531 332 649 367; x_wconf 89' lang='lat' dir='ltr'><strong>esse,</strong></span> <span class='ocrx_word' id='word_1_14' title='bbox 688 318 761 358; x_wconf 89' lang='lat' dir='ltr'><strong>sed</strong></span> <span class='ocrx_word' id='word_1_15' title='bbox 801 318 976 356; x_wconf 88' lang='lat' dir='ltr'><strong>aliorum</strong></span> <span class='ocrx_word' id='word_1_16' title='bbox 1016 329 1183 368; x_wconf 85' lang='lat' dir='ltr'><strong>operam</strong></span> <span class='ocrx_word' id='word_1_17' title='bbox 1222 317 1264 356; x_wconf 89' lang='lat' dir='ltr'><strong>in</strong></span> <span class='ocrx_word' id='word_1_18' title='bbox 1295 315 1447 356; x_wconf 81' lang='lat' dir='ltr'><strong>fabulis</strong></span> <span class='ocrx_word' id='word_1_19' title='bbox 1477 316 1553 358; x_wconf 89' lang='lat' dir='ltr'><strong>do-</strong></span> 
     </span>
     <span class='ocr_line' id='line_1_4' title="bbox 75 387 1554 441; baseline -0.003 -9"><span class='ocrx_word' id='word_1_20' title='bbox 75 392 218 434; x_wconf 83' lang='lat' dir='ltr'><strong>cendis</strong></span> <span class='ocrx_word' id='word_1_21' title='bbox 249 391 462 439; x_wconf 76' lang='lat' dir='ltr'>ascivisse,</span> <span class='ocrx_word' id='word_1_22' title='bbox 493 390 535 429; x_wconf 90' lang='lat' dir='ltr'><strong>id</strong></span> <span class='ocrx_word' id='word_1_23' title='bbox 566 388 675 441; x_wconf 88' lang='lat' dir='ltr'><strong>quod</strong></span> <span class='ocrx_word' id='word_1_24' title='bbox 705 400 875 440; x_wconf 87' lang='lat' dir='ltr'><strong>prorsus</strong></span> <span class='ocrx_word' id='word_1_25' title='bbox 906 388 1098 439; x_wconf 81' lang='lat' dir='ltr'><strong>congruit</strong></span> <span class='ocrx_word' id='word_1_26' title='bbox 1128 399 1220 426; x_wconf 86' lang='lat' dir='ltr'><strong>eum</strong></span> <span class='ocrx_word' id='word_1_27' title='bbox 1250 387 1324 435; x_wconf 90' lang='lat' dir='ltr'><strong>iis,</strong></span> <span class='ocrx_word' id='word_1_28' title='bbox 1354 399 1461 439; x_wconf 87' lang='lat' dir='ltr'><strong>quae</strong></span> <span class='ocrx_word' id='word_1_29' title='bbox 1491 387 1554 427; x_wconf 86' lang='lat' dir='ltr'><strong>di·</strong></span> 
     </span>
     <span class='ocr_line' id='line_1_5' title="bbox 80 458 1574 510; baseline -0.004 -6"><span class='ocrx_word' id='word_1_30' title='bbox 80 463 353 504; x_wconf 85' lang='lat' dir='ltr'><strong>dascaliarum</strong></span> <span class='ocrx_word' id='word_1_31' title='bbox 393 464 656 501; x_wconf 81' lang='lat' dir='ltr'><strong>monumenta</strong></span> <span class='ocrx_word' id='word_1_32' title='bbox 693 464 735 497; x_wconf 88' lang='lat' dir='ltr'><strong>et</strong></span> <span class='ocrx_word' id='word_1_33' title='bbox 765 458 834 510; x_wconf 90' lang='lat' dir='ltr'><strong>qui</strong></span> <span class='ocrx_word' id='word_1_34' title='bbox 862 458 933 497; x_wconf 88' lang='lat' dir='ltr'><strong>illa</strong></span> <span class='ocrx_word' id='word_1_35' title='bbox 964 463 1194 509; x_wconf 87' lang='lat' dir='ltr'><strong>sequuntur</strong></span> <span class='ocrx_word' id='word_1_36' title='bbox 1224 460 1387 496; x_wconf 87' lang='lat' dir='ltr'><strong>veteres</strong></span> <span class='ocrx_word' id='word_1_37' title='bbox 1417 470 1574 510; x_wconf 83' lang='lat' dir='ltr'><strong>gram--</strong></span> 
     </span>
     <span class='ocr_line' id='line_1_6' title="bbox 80 527 1555 585; baseline -0.004 -11"><span class='ocrx_word' id='word_1_38' title='bbox 80 534 218 575; x_wconf 86' lang='lat' dir='ltr'><strong>matici</strong></span> <span class='ocrx_word' id='word_1_39' title='bbox 257 532 550 585; x_wconf 88' lang='lat' dir='ltr'><strong>prodiderunt,</strong></span> <span class='ocrx_word' id='word_1_40' title='bbox 587 531 643 570; x_wconf 89' lang='lat' dir='ltr'><strong>ita</strong></span> <span class='ocrx_word' id='word_1_41' title='bbox 682 533 728 568; x_wconf 93' lang='lat' dir='ltr'><strong>ut</strong></span> <span class='ocrx_word' id='word_1_42' title='bbox 767 540 910 568; x_wconf 89' lang='lat' dir='ltr'><strong>omnes</strong></span> <span class='ocrx_word' id='word_1_43' title='bbox 948 528 1160 567; x_wconf 90' lang='lat' dir='ltr'><strong>hominum</strong></span> <span class='ocrx_word' id='word_1_44' title='bbox 1192 527 1450 580; x_wconf 88' lang='lat' dir='ltr'><strong>quorundam</strong></span> <span class='ocrx_word' id='word_1_45' title='bbox 1480 528 1555 568; x_wconf 89' lang='lat' dir='ltr'><strong>do-</strong></span> 
     </span>
     <span class='ocr_line' id='line_1_7' title="bbox 82 598 1555 651; baseline -0.003 -6"><span class='ocrx_word' id='word_1_46' title='bbox 82 611 242 645; x_wconf 88' lang='lat' dir='ltr'><strong>ctorum</strong></span> <span class='ocrx_word' id='word_1_47' title='bbox 274 603 548 644; x_wconf 76' lang='lat' dir='ltr'><strong>dubitationes</strong></span> <span class='ocrx_word' id='word_1_48' title='bbox 578 601 660 641; x_wconf 85' lang='lat' dir='ltr'><strong>sint</strong></span> <span class='ocrx_word' id='word_1_49' title='bbox 689 601 847 640; x_wconf 87' lang='lat' dir='ltr'><strong>inanes.</strong></span> <span class='ocrx_word' id='word_1_50' title='bbox 920 598 1003 638; x_wconf 86' lang='lat' dir='ltr'><strong>lam</strong></span> <span class='ocrx_word' id='word_1_51' title='bbox 1034 599 1143 647; x_wconf 81' lang='lat' dir='ltr'><strong>illos,</strong></span> <span class='ocrx_word' id='word_1_52' title='bbox 1173 612 1276 651; x_wconf 91' lang='lat' dir='ltr'><strong>quos</strong></span> <span class='ocrx_word' id='word_1_53' title='bbox 1306 599 1348 639; x_wconf 90' lang='lat' dir='ltr'><strong>in</strong></span> <span class='ocrx_word' id='word_1_54' title='bbox 1378 600 1555 641; x_wconf 85' lang='lat' dir='ltr'><strong>societa-</strong></span> 
     </span>
     <span class='ocr_line' id='line_1_8' title="bbox 82 671 1554 724; baseline -0.003 -9"><span class='ocrx_word' id='word_1_55' title='bbox 82 680 168 715; x_wconf 88' lang='lat' dir='ltr'><strong>tem</strong></span> <span class='ocrx_word' id='word_1_56' title='bbox 198 675 349 714; x_wconf 82' lang='lat' dir='ltr'><strong>laboris</strong></span> <span class='ocrx_word' id='word_1_57' title='bbox 379 673 537 713; x_wconf 88' lang='lat' dir='ltr'><strong>vocavit</strong></span> <span class='ocrx_word' id='word_1_58' title='bbox 568 677 714 724; x_wconf 90' lang='lat' dir='ltr'><strong>poeta,</strong></span> <span class='ocrx_word' id='word_1_59' title='bbox 744 672 823 710; x_wconf 88' lang='lat' dir='ltr'><strong>etsi</strong></span> <span class='ocrx_word' id='word_1_60' title='bbox 854 684 935 710; x_wconf 88' lang='lat' dir='ltr'><strong>non</strong></span> <span class='ocrx_word' id='word_1_61' title='bbox 967 671 1164 717; x_wconf 89' lang='lat' dir='ltr'><strong>nominat,</strong></span> <span class='ocrx_word' id='word_1_62' title='bbox 1197 675 1332 709; x_wconf 88' lang='lat' dir='ltr'><strong>tamen</strong></span> <span class='ocrx_word' id='word_1_63' title='bbox 1364 683 1445 710; x_wconf 89' lang='lat' dir='ltr'><strong>non</strong></span> <span class='ocrx_word' id='word_1_64' title='bbox 1477 671 1554 712; x_wconf 90' lang='lat' dir='ltr'><strong>du-</strong></span> 
     </span>
    </p>
   </div>
   <div class='ocr_carea' id='block_1_3' title="bbox 19 741 1556 869">
    <p class='ocr_par' dir='ltr' id='par_1_3' title="bbox 19 741 1556 869">
     <span class='ocr_line' id='line_1_9' title="bbox 20 741 1556 796; baseline -0.001 -11"><span class='ocrx_word' id='word_1_65' title='bbox 20 752 23 760; x_wconf 73' lang='lat'><strong><em>⁴</em></strong></span> <span class='ocrx_word' id='word_1_66' title='bbox 83 745 203 786; x_wconf 87' lang='lat' dir='ltr'><strong>bitari</strong></span> <span class='ocrx_word' id='word_1_67' title='bbox 239 748 398 796; x_wconf 87' lang='lat' dir='ltr'><strong>potest,</strong></span> <span class='ocrx_word' id='word_1_68' title='bbox 437 744 534 795; x_wconf 90' lang='lat' dir='ltr'><strong>quin</strong></span> <span class='ocrx_word' id='word_1_69' title='bbox 573 744 615 783; x_wconf 89' lang='lat' dir='ltr'><strong>in</strong></span> <span class='ocrx_word' id='word_1_70' title='bbox 647 743 725 782; x_wconf 88' lang='lat' dir='ltr'><strong>hac</strong></span> <span class='ocrx_word' id='word_1_71' title='bbox 757 755 921 794; x_wconf 90' lang='lat' dir='ltr'><strong>quoque</strong></span> <span class='ocrx_word' id='word_1_72' title='bbox 952 755 998 781; x_wconf 90' lang='lat' dir='ltr'><strong>re</strong></span> <span class='ocrx_word' id='word_1_73' title='bbox 1029 742 1134 781; x_wconf 86' lang='lat' dir='ltr'><strong>fides</strong></span> <span class='ocrx_word' id='word_1_74' title='bbox 1164 741 1355 781; x_wconf 89' lang='lat' dir='ltr'><strong>habenda</strong></span> <span class='ocrx_word' id='word_1_75' title='bbox 1392 741 1446 781; x_wconf 84' lang='lat' dir='ltr'><strong>sit</strong></span> <span class='ocrx_word' id='word_1_76' title='bbox 1474 742 1556 783; x_wconf 88' lang='lat' dir='ltr'><strong>illis</strong></span> 
     </span>
     <span class='ocr_line' id='line_1_10' title="bbox 19 812 1556 869; baseline -0.001 -15"><span class='ocrx_word' id='word_1_77' title='bbox 19 851 21 854; x_wconf 13' lang='grc' dir='ltr'><em>Α</em></span> <span class='ocrx_word' id='word_1_78' title='bbox 83 815 343 862; x_wconf 76' lang='lat' dir='ltr'><strong>auctoribus,</strong></span> <span class='ocrx_word' id='word_1_79' title='bbox 384 815 505 869; x_wconf 84' lang='lat' dir='ltr'><strong>modo</strong></span> <span class='ocrx_word' id='word_1_80' title='bbox 537 827 640 866; x_wconf 90' lang='lat' dir='ltr'><strong>quos</strong></span> <span class='ocrx_word' id='word_1_81' title='bbox 678 814 787 862; x_wconf 83' lang='lat' dir='ltr'>dixi,</span> <span class='ocrx_word' id='word_1_82' title='bbox 827 813 897 864; x_wconf 91' lang='lat' dir='ltr'><strong>qui</strong></span> <span class='ocrx_word' id='word_1_83' title='bbox 925 825 1073 865; x_wconf 82' lang='lat' dir='ltr'><strong>magno</strong></span> <span class='ocrx_word' id='word_1_84' title='bbox 1105 824 1310 853; x_wconf 89' lang='lat' dir='ltr'><strong>consensu</strong></span> <span class='ocrx_word' id='word_1_85' title='bbox 1341 812 1556 853; x_wconf 87' lang='lat' dir='ltr'><strong>Callistra-</strong></span> 
     </span>
    </p>
   </div>
   <div class='ocr_carea' id='block_1_4' title="bbox 19 884 1564 2782">
    <p class='ocr_par' dir='ltr' id='par_1_4' title="bbox 42 884 1559 2069">
     <span class='ocr_line' id='line_1_11' title="bbox 81 884 1556 938; baseline -0.001 -11"><span class='ocrx_word' id='word_1_86' title='bbox 81 891 169 927; x_wconf 76' lang='lat' dir='ltr'><strong>tum</strong></span> <span class='ocrx_word' id='word_1_87' title='bbox 200 890 242 925; x_wconf 84' lang='lat' dir='ltr'><strong>et</strong></span> <span class='ocrx_word' id='word_1_88' title='bbox 272 885 534 925; x_wconf 85' lang='lat' dir='ltr'><strong>Philonidem</strong></span> <span class='ocrx_word' id='word_1_89' title='bbox 565 885 696 924; x_wconf 82' lang='lat' dir='ltr'><strong>fuisse</strong></span> <span class='ocrx_word' id='word_1_90' title='bbox 726 885 969 938; x_wconf 83' lang='lat' dir='ltr'>perhibent,</span> <span class='ocrx_word' id='word_1_91' title='bbox 1008 885 1066 923; x_wconf 91' lang='lat' dir='ltr'><strong>ita</strong></span> <span class='ocrx_word' id='word_1_92' title='bbox 1103 884 1271 936; x_wconf 87' lang='lat' dir='ltr'><strong>quidem</strong></span> <span class='ocrx_word' id='word_1_93' title='bbox 1301 887 1347 923; x_wconf 91' lang='lat' dir='ltr'><strong>ut</strong></span> <span class='ocrx_word' id='word_1_94' title='bbox 1377 884 1556 936; x_wconf 85' lang='lat' dir='ltr'><strong>primum</strong></span> 
     </span>
     <span class='ocr_line' id='line_1_12' title="bbox 81 954 1558 1007; baseline -0.001 -10"><span class='ocrx_word' id='word_1_95' title='bbox 81 956 317 997; x_wconf 77' lang='lat' dir='ltr'><strong>Callistrato</strong></span> <span class='ocrx_word' id='word_1_96' title='bbox 349 960 506 995; x_wconf 91' lang='lat' dir='ltr'><strong>tantum</strong></span> <span class='ocrx_word' id='word_1_97' title='bbox 537 968 637 996; x_wconf 85' lang='lat' dir='ltr'><strong>usus</strong></span> <span class='ocrx_word' id='word_1_98' title='bbox 667 956 720 995; x_wconf 89' lang='lat' dir='ltr'><strong>sit</strong></span> <span class='ocrx_word' id='word_1_99' title='bbox 739 954 1053 1007; x_wconf 82' lang='lat' dir='ltr'><strong>Aristophanes,</strong></span> <span class='ocrx_word' id='word_1_100' title='bbox 1084 959 1228 1007; x_wconf 79' lang='lat' dir='ltr'><strong>postea</strong></span> <span class='ocrx_word' id='word_1_101' title='bbox 1259 954 1383 994; x_wconf 87' lang='lat' dir='ltr'><strong>etiam</strong></span> <span class='ocrx_word' id='word_1_102' title='bbox 1415 955 1558 996; x_wconf 81' lang='lat' dir='ltr'><strong>Philo-</strong></span> 
     </span>
     <span class='ocr_line' id='line_1_13' title="bbox 79 1025 1556 1079; baseline 0.001 -13"><span class='ocrx_word' id='word_1_103' title='bbox 79 1027 218 1067; x_wconf 85' lang='lat' dir='ltr'><strong>nidem</strong></span> <span class='ocrx_word' id='word_1_104' title='bbox 248 1027 496 1067; x_wconf 86' lang='lat' dir='ltr'><strong>adhibuerit.</strong></span> <span class='ocrx_word' id='word_1_105' title='bbox 541 1028 596 1067; x_wconf 91' lang='lat' dir='ltr'><strong>At</strong></span> <span class='ocrx_word' id='word_1_106' title='bbox 625 1027 839 1079; x_wconf 86' lang='lat' dir='ltr'><strong>quaeritur</strong></span> <span class='ocrx_word' id='word_1_107' title='bbox 866 1027 947 1066; x_wconf 90' lang='lat' dir='ltr'><strong>iam</strong></span> <span class='ocrx_word' id='word_1_108' title='bbox 979 1026 1048 1078; x_wconf 91' lang='lat' dir='ltr'><strong>qui</strong></span> <span class='ocrx_word' id='word_1_109' title='bbox 1080 1025 1238 1066; x_wconf 83' lang='lat' dir='ltr'><strong>fuerint</strong></span> <span class='ocrx_word' id='word_1_110' title='bbox 1267 1026 1348 1075; x_wconf 88' lang='lat' dir='ltr'><strong>isti,</strong></span> <span class='ocrx_word' id='word_1_111' title='bbox 1379 1038 1556 1079; x_wconf 84' lang='lat' dir='ltr'><strong>quorum</strong></span> 
     </span>
     <span class='ocr_line' id='line_1_14' title="bbox 67 1096 1559 1149; baseline 0.001 -13"><span class='ocrx_word' id='word_1_112' title='bbox 67 1098 300 1137; x_wconf 66' lang='lat' dir='ltr'><strong>‘amicitiam</strong></span> <span class='ocrx_word' id='word_1_113' title='bbox 349 1103 391 1137; x_wconf 91' lang='lat' dir='ltr'><strong>et</strong></span> <span class='ocrx_word' id='word_1_114' title='bbox 432 1098 629 1137; x_wconf 84' lang='lat' dir='ltr'><strong>auxilium</strong></span> <span class='ocrx_word' id='word_1_115' title='bbox 674 1103 758 1137; x_wconf 80' lang='lat' dir='ltr'><strong>tam</strong></span> <span class='ocrx_word' id='word_1_116' title='bbox 802 1110 928 1149; x_wconf 82' lang='lat' dir='ltr'><strong>saepe</strong></span> <span class='ocrx_word' id='word_1_117' title='bbox 972 1096 1260 1149; x_wconf 80' lang='lat' dir='ltr'><strong>impetraverit</strong></span> <span class='ocrx_word' id='word_1_118' title='bbox 1303 1101 1442 1149; x_wconf 80' lang='lat' dir='ltr'><strong>poeta.</strong></span> <span class='ocrx_word' id='word_1_119' title='bbox 1501 1098 1559 1138; x_wconf 75' lang='lat' dir='ltr'><strong>Et</strong></span> 
     </span>
     <span class='ocr_line' id='line_1_15' title="bbox 82 1163 1558 1222; baseline 0.001 -14"><span class='ocrx_word' id='word_1_120' title='bbox 82 1167 347 1208; x_wconf 81' lang='lat' dir='ltr'><strong>Philonidem</strong></span> <span class='ocrx_word' id='word_1_121' title='bbox 378 1168 546 1220; x_wconf 88' lang='lat' dir='ltr'><strong>quidem</strong></span> <span class='ocrx_word' id='word_1_122' title='bbox 577 1169 726 1209; x_wconf 90' lang='lat' dir='ltr'><strong>Suidas</strong></span> <span class='ocrx_word' id='word_1_123' title='bbox 758 1174 799 1208; x_wconf 91' lang='lat' dir='ltr'><strong>et</strong></span> <span class='ocrx_word' id='word_1_124' title='bbox 829 1167 1017 1209; x_wconf 88' lang='lat' dir='ltr'><strong>Eudocia</strong></span> <span class='ocrx_word' id='word_1_125' title='bbox 1048 1181 1086 1207; x_wconf 90' lang='lat' dir='ltr'><strong>v.</strong></span> <span class='ocrx_word' id='word_1_126' title='bbox 1108 1163 1359 1216; x_wconf 77' lang='grc' dir='ltr'><em>Φιλωνίδης</em></span> <span class='ocrx_word' id='word_1_127' title='bbox 1380 1172 1558 1222; x_wconf 75' lang='lat' dir='ltr'><strong>poetam</strong></span> 
     </span>
     <span class='ocr_line' id='line_1_16' title="bbox 81 1237 1559 1292; baseline 0.001 -14"><span class='ocrx_word' id='word_1_128' title='bbox 81 1237 213 1279; x_wconf 82' lang='lat' dir='ltr'><strong>fuisse</strong></span> <span class='ocrx_word' id='word_1_129' title='bbox 243 1241 444 1280; x_wconf 80' lang='lat' dir='ltr'><strong>comicum</strong></span> <span class='ocrx_word' id='word_1_130' title='bbox 460 1240 666 1292; x_wconf 81' lang='lat' dir='ltr'><strong>produnt3</strong></span> <span class='ocrx_word' id='word_1_131' title='bbox 697 1240 748 1278; x_wconf 90' lang='lat' dir='ltr'><strong>ad</strong></span> <span class='ocrx_word' id='word_1_132' title='bbox 772 1240 918 1291; x_wconf 84' lang='lat' dir='ltr'><strong>poesin</strong></span> <span class='ocrx_word' id='word_1_133' title='bbox 948 1244 1087 1278; x_wconf 88' lang='lat' dir='ltr'><strong>autem</strong></span> <span class='ocrx_word' id='word_1_134' title='bbox 1115 1239 1306 1288; x_wconf 86' lang='lat' dir='ltr'><strong>accessit,</strong></span> <span class='ocrx_word' id='word_1_135' title='bbox 1337 1249 1431 1279; x_wconf 90' lang='lat' dir='ltr'><strong>cum</strong></span> <span class='ocrx_word' id='word_1_136' title='bbox 1459 1244 1559 1280; x_wconf 86' lang='lat' dir='ltr'><strong>ante</strong></span> 
     </span>
     <span class='ocr_line' id='line_1_17' title="bbox 80 1309 1558 1363; baseline 0.001 -13"><span class='ocrx_word' id='word_1_137' title='bbox 80 1309 168 1350; x_wconf 78' lang='lat' dir='ltr'><strong>sive</strong></span> <span class='ocrx_word' id='word_1_138' title='bbox 197 1310 436 1362; x_wconf 83' lang='lat' dir='ltr'><strong>pictoriam,</strong></span> <span class='ocrx_word' id='word_1_139' title='bbox 472 1311 557 1351; x_wconf 82' lang='lat' dir='ltr'><strong>sive</strong></span> <span class='ocrx_word' id='word_1_140' title='bbox 586 1311 805 1351; x_wconf 79' lang='lat' dir='ltr'><strong>fulloniam</strong></span> <span class='ocrx_word' id='word_1_141' title='bbox 836 1316 967 1350; x_wconf 87' lang='lat' dir='ltr'><strong>artem</strong></span> <span class='ocrx_word' id='word_1_142' title='bbox 997 1309 1247 1359; x_wconf 81' lang='lat' dir='ltr'><strong>factitasset,</strong></span> <span class='ocrx_word' id='word_1_143' title='bbox 1286 1323 1466 1363; x_wconf 77' lang='lat' dir='ltr'><strong>namque</strong></span> <span class='ocrx_word' id='word_1_144' title='bbox 1496 1311 1558 1352; x_wconf 84' lang='lat' dir='ltr'><strong>le-</strong></span> 
     </span>
     <span class='ocr_line' id='line_1_18' title="bbox 42 1381 1559 1433; baseline 0.001 -12"><span class='ocrx_word' id='word_1_145' title='bbox 42 1385 55 1396; x_wconf 56' lang='lat'>*</span> <span class='ocrx_word' id='word_1_146' title='bbox 81 1381 164 1421; x_wconf 87' lang='lat' dir='ltr'><strong>ctio</strong></span> <span class='ocrx_word' id='word_1_147' title='bbox 201 1381 354 1430; x_wconf 88' lang='lat' dir='ltr'><strong>variat,</strong></span> <span class='ocrx_word' id='word_1_148' title='bbox 395 1381 477 1422; x_wconf 88' lang='lat' dir='ltr'><strong>vid.</strong></span> <span class='ocrx_word' id='word_1_149' title='bbox 508 1381 693 1422; x_wconf 84' lang='lat' dir='ltr'><strong>Meinek.</strong></span> <span class='ocrx_word' id='word_1_150' title='bbox 734 1381 814 1421; x_wconf 84' lang='lat' dir='ltr'><strong>vol.</strong></span> <span class='ocrx_word' id='word_1_151' title='bbox 848 1381 864 1420; x_wconf 93' lang='lat'><em>1</em></span> <span class='ocrx_word' id='word_1_152' title='bbox 897 1395 936 1433; x_wconf 91' lang='lat' dir='ltr'><strong>p.</strong></span> <span class='ocrx_word' id='word_1_153' title='bbox 969 1381 1065 1420; x_wconf 77' lang='lat'><strong>102.</strong></span> <span class='ocrx_word' id='word_1_154' title='bbox 1105 1381 1278 1432; x_wconf 89' lang='lat' dir='ltr'><strong>eiusque</strong></span> <span class='ocrx_word' id='word_1_155' title='bbox 1317 1382 1559 1423; x_wconf 82' lang='lat' dir='ltr'><strong>comoediae</strong></span> 
     </span>
     <span class='ocr_line' id='line_1_19' title="bbox 80 1446 1558 1505; baseline 0.001 -14"><span class='ocrx_word' id='word_1_156' title='bbox 80 1455 168 1492; x_wconf 82' lang='lat' dir='ltr'><strong>tres</strong></span> <span class='ocrx_word' id='word_1_157' title='bbox 197 1457 483 1501; x_wconf 85' lang='lat' dir='ltr'><strong>recensentur,</strong></span> <span class='ocrx_word' id='word_1_158' title='bbox 518 1450 792 1505; x_wconf 77' lang='grc' dir='ltr'><strong><em>Φιλέταιρος,</em></strong></span> <span class='ocrx_word' id='word_1_159' title='bbox 824 1447 1013 1500; x_wconf 79' lang='grc' dir='ltr'><em>Ἀπήνη,</em></span> <span class='ocrx_word' id='word_1_160' title='bbox 1048 1446 1302 1505; x_wconf 69' lang='grc' dir='ltr'><em>Κόθορνοι,</em></span> <span class='ocrx_word' id='word_1_161' title='bbox 1331 1457 1457 1505; x_wconf 86' lang='lat' dir='ltr'><strong>atque</strong></span> <span class='ocrx_word' id='word_1_162' title='bbox 1485 1466 1558 1493; x_wconf 81' lang='lat' dir='ltr'><strong>ex-</strong></span> 
     </span>
     <span class='ocr_line' id='line_1_20' title="bbox 83 1523 1558 1577; baseline 0.003 -16"><span class='ocrx_word' id='word_1_163' title='bbox 83 1525 173 1562; x_wconf 81' lang='lat' dir='ltr'><strong>tant</strong></span> <span class='ocrx_word' id='word_1_164' title='bbox 202 1523 324 1562; x_wconf 85' lang='lat' dir='ltr'><strong>etiam</strong></span> <span class='ocrx_word' id='word_1_165' title='bbox 356 1536 465 1563; x_wconf 91' lang='lat' dir='ltr'><strong>nunc</strong></span> <span class='ocrx_word' id='word_1_166' title='bbox 496 1524 637 1576; x_wconf 86' lang='lat' dir='ltr'><strong>plures</strong></span> <span class='ocrx_word' id='word_1_167' title='bbox 667 1523 974 1564; x_wconf 82' lang='lat' dir='ltr'><strong>comoediarum</strong></span> <span class='ocrx_word' id='word_1_168' title='bbox 1004 1524 1205 1575; x_wconf 85' lang='lat' dir='ltr'><strong>reliquiae</strong></span> <span class='ocrx_word' id='word_1_169' title='bbox 1237 1523 1347 1577; x_wconf 87' lang='lat' dir='ltr'><strong>apud</strong></span> <span class='ocrx_word' id='word_1_170' title='bbox 1378 1525 1558 1577; x_wconf 83' lang='lat' dir='ltr'><strong>optimos</strong></span> 
     </span>
     <span class='ocr_line' id='line_1_21' title="bbox 81 1594 1558 1648; baseline 0.002 -15"><span class='ocrx_word' id='word_1_171' title='bbox 81 1597 124 1633; x_wconf 88' lang='lat' dir='ltr'><strong>et</strong></span> <span class='ocrx_word' id='word_1_172' title='bbox 153 1594 238 1634; x_wconf 88' lang='lat' dir='ltr'><strong>fide</strong></span> <span class='ocrx_word' id='word_1_173' title='bbox 268 1594 527 1648; x_wconf 81' lang='lat' dir='ltr'><strong>dignissimos</strong></span> <span class='ocrx_word' id='word_1_174' title='bbox 558 1600 772 1644; x_wconf 87' lang='lat' dir='ltr'><strong>auctores,</strong></span> <span class='ocrx_word' id='word_1_175' title='bbox 800 1595 858 1635; x_wconf 89' lang='lat' dir='ltr'><strong>ita</strong></span> <span class='ocrx_word' id='word_1_176' title='bbox 889 1600 933 1634; x_wconf 90' lang='lat' dir='ltr'><strong>ut</strong></span> <span class='ocrx_word' id='word_1_177' title='bbox 963 1594 1066 1634; x_wconf 86' lang='lat' dir='ltr'><strong>nihil</strong></span> <span class='ocrx_word' id='word_1_178' title='bbox 1097 1595 1245 1634; x_wconf 85' lang='lat' dir='ltr'><strong>mirum</strong></span> <span class='ocrx_word' id='word_1_179' title='bbox 1278 1595 1493 1646; x_wconf 79' lang='lat' dir='ltr'><strong>videatur,</strong></span> <span class='ocrx_word' id='word_1_180' title='bbox 1522 1597 1558 1636; x_wconf 88' lang='lat' dir='ltr'><strong>si</strong></span> 
     </span>
     <span class='ocr_line' id='line_1_22' title="bbox 84 1663 1559 1718; baseline 0.002 -14"><span class='ocrx_word' id='word_1_181' title='bbox 84 1663 381 1716; x_wconf 85' lang='lat' dir='ltr'><strong>Aristophanes</strong></span> <span class='ocrx_word' id='word_1_182' title='bbox 422 1666 632 1706; x_wconf 85' lang='lat' dir='ltr'><strong>Philonidi</strong></span> <span class='ocrx_word' id='word_1_183' title='bbox 673 1666 877 1706; x_wconf 89' lang='lat' dir='ltr'><strong>eiusmodi</strong></span> <span class='ocrx_word' id='word_1_184' title='bbox 916 1666 1129 1718; x_wconf 80' lang='lat' dir='ltr'><strong>negotium</strong></span> <span class='ocrx_word' id='word_1_185' title='bbox 1168 1666 1435 1707; x_wconf 86' lang='lat' dir='ltr'><strong>commiserit.</strong></span> <span class='ocrx_word' id='word_1_186' title='bbox 1503 1668 1559 1707; x_wconf 82' lang='lat' dir='ltr'><strong>At</strong></span> 
     </span>
     <span class='ocr_line' id='line_1_23' title="bbox 85 1733 1558 1790; baseline 0.003 -17"><span class='ocrx_word' id='word_1_187' title='bbox 85 1733 139 1774; x_wconf 86' lang='lat' dir='ltr'><strong>dc</strong></span> <span class='ocrx_word' id='word_1_188' title='bbox 180 1735 416 1777; x_wconf 84' lang='lat' dir='ltr'><strong>Callistrato</strong></span> <span class='ocrx_word' id='word_1_189' title='bbox 462 1737 564 1776; x_wconf 89' lang='lat' dir='ltr'><strong>nihil</strong></span> <span class='ocrx_word' id='word_1_190' title='bbox 614 1751 783 1790; x_wconf 88' lang='lat' dir='ltr'><strong>prorsus</strong></span> <span class='ocrx_word' id='word_1_191' title='bbox 828 1738 994 1777; x_wconf 78' lang='lat' dir='ltr'><strong>aliunde</strong></span> <span class='ocrx_word' id='word_1_192' title='bbox 1038 1741 1297 1788; x_wconf 91' lang='lat' dir='ltr'><strong>compertum</strong></span> <span class='ocrx_word' id='word_1_193' title='bbox 1340 1737 1558 1787; x_wconf 85' lang='lat' dir='ltr'><strong>habemus,</strong></span> 
     </span>
     <span class='ocr_line' id='line_1_24' title="bbox 86 1804 1558 1861; baseline 0.003 -17"><span class='ocrx_word' id='word_1_194' title='bbox 86 1804 163 1844; x_wconf 87' lang='lat' dir='ltr'><strong>uisi</strong></span> <span class='ocrx_word' id='word_1_195' title='bbox 191 1806 300 1856; x_wconf 89' lang='lat' dir='ltr'><strong>quod</strong></span> <span class='ocrx_word' id='word_1_196' title='bbox 333 1819 428 1846; x_wconf 92' lang='lat' dir='ltr'><strong>eum</strong></span> <span class='ocrx_word' id='word_1_197' title='bbox 451 1808 738 1861; x_wconf 83' lang='lat' dir='ltr'><strong>Aristophanis</strong></span> <span class='ocrx_word' id='word_1_198' title='bbox 769 1808 932 1860; x_wconf 74' lang='lat' dir='ltr'><strong>fabulas</strong></span> <span class='ocrx_word' id='word_1_199' title='bbox 964 1808 1120 1859; x_wconf 84' lang='lat' dir='ltr'><strong>aliquot</strong></span> <span class='ocrx_word' id='word_1_200' title='bbox 1143 1808 1342 1852; x_wconf 79' lang='lat' dir='ltr'><strong>¹docuisse</strong></span> <span class='ocrx_word' id='word_1_201' title='bbox 1372 1808 1558 1848; x_wconf 73' lang='lat' dir='ltr'><strong>didasca-</strong></span> 
     </span>
     <span class='ocr_line' id='line_1_25' title="bbox 84 1875 1559 1932; baseline 0.004 -18"><span class='ocrx_word' id='word_1_202' title='bbox 84 1875 234 1916; x_wconf 85' lang='lat' dir='ltr'><strong>liarum</strong></span> <span class='ocrx_word' id='word_1_203' title='bbox 272 1882 537 1918; x_wconf 87' lang='lat' dir='ltr'><strong>monumenta</strong></span> <span class='ocrx_word' id='word_1_204' title='bbox 581 1885 624 1918; x_wconf 91' lang='lat' dir='ltr'><strong>et</strong></span> <span class='ocrx_word' id='word_1_205' title='bbox 660 1879 915 1932; x_wconf 81' lang='lat' dir='ltr'><strong>grammatici</strong></span> <span class='ocrx_word' id='word_1_206' title='bbox 962 1878 1208 1930; x_wconf 86' lang='lat' dir='ltr'><strong>perhibent:</strong></span> <span class='ocrx_word' id='word_1_207' title='bbox 1253 1884 1295 1918; x_wconf 89' lang='lat' dir='ltr'><strong>at</strong></span> <span class='ocrx_word' id='word_1_208' title='bbox 1341 1880 1559 1921; x_wconf 85' lang='lat' dir='ltr'><strong>commode</strong></span> 
     </span>
     <span class='ocr_line' id='line_1_26' title="bbox 50 1947 1558 2004; baseline 0.005 -19"><span class='ocrx_word' id='word_1_209' title='bbox 50 1970 53 1973; x_wconf 58' lang='lat'><em>&gt;</em></span> <span class='ocrx_word' id='word_1_210' title='bbox 87 1958 178 1986; x_wconf 86' lang='lat' dir='ltr'><strong>rem</strong></span> <span class='ocrx_word' id='word_1_211' title='bbox 214 1947 393 1988; x_wconf 85' lang='lat' dir='ltr'><strong>illustrat</strong></span> <span class='ocrx_word' id='word_1_212' title='bbox 438 1949 528 2002; x_wconf 87' lang='lat' dir='ltr'><strong>ipse</strong></span> <span class='ocrx_word' id='word_1_213' title='bbox 560 1950 887 2004; x_wconf 85' lang='lat' dir='ltr'><strong>Aristophanes,</strong></span> <span class='ocrx_word' id='word_1_214' title='bbox 937 1951 1007 2003; x_wconf 90' lang='lat' dir='ltr'><strong>qui</strong></span> <span class='ocrx_word' id='word_1_215' title='bbox 1049 1950 1107 1989; x_wconf 85' lang='lat' dir='ltr'><strong>ait</strong></span> <span class='ocrx_word' id='word_1_216' title='bbox 1152 1949 1195 1990; x_wconf 88' lang='lat' dir='ltr'><strong>in</strong></span> <span class='ocrx_word' id='word_1_217' title='bbox 1240 1951 1430 2003; x_wconf 73' lang='lat' dir='ltr'><strong>pai-abasi</strong></span> <span class='ocrx_word' id='word_1_218' title='bbox 1477 1952 1558 1993; x_wconf 79' lang='lat' dir='ltr'><strong>Ve-</strong></span> 
     </span>
     <span class='ocr_line' id='line_1_27' title="bbox 86 2018 489 2069; baseline 0.011 -14"><span class='ocrx_word' id='word_1_219' title='bbox 86 2027 254 2069; x_wconf 86' lang='lat' dir='ltr'><strong>sparum</strong></span> <span class='ocrx_word' id='word_1_220' title='bbox 284 2031 323 2059; x_wconf 85' lang='lat' dir='ltr'><strong>v.</strong></span> <span class='ocrx_word' id='word_1_221' title='bbox 355 2018 489 2060; x_wconf 84' lang='grc'>1016·</span> 
     </span>
    </p>

    <p class='ocr_par' dir='ltr' id='par_1_5' title="bbox 106 2085 1560 2146">
     <span class='ocr_line' id='line_1_28' title="bbox 106 2085 1560 2146; baseline 0.004 -20.125"><span class='ocrx_word' id='word_1_222' title='bbox 106 2085 445 2141; x_wconf 77' lang='grc' dir='ltr'><strong><em>Μέμψασθπι</em></strong></span> <span class='ocrx_word' id='word_1_223' title='bbox 474 2087 557 2146; x_wconf 78' lang='grc' dir='ltr'><strong>γὰρ</strong></span> <span class='ocrx_word' id='word_1_224' title='bbox 586 2089 703 2130; x_wconf 82' lang='grc' dir='ltr'><em>τοῖσι</em></span> <span class='ocrx_word' id='word_1_225' title='bbox 733 2089 924 2138; x_wconf 72' lang='grc' dir='ltr'><strong><em>θεαταῖς</em></strong></span> <span class='ocrx_word' id='word_1_226' title='bbox 957 2085 981 2130; x_wconf 89' lang='grc' dir='ltr'>ὁ</span> <span class='ocrx_word' id='word_1_227' title='bbox 1010 2086 1195 2140; x_wconf 82' lang='grc' dir='ltr'><em>ποιητὴς</em></span> <span class='ocrx_word' id='word_1_228' title='bbox 1224 2087 1304 2130; x_wconf 83' lang='grc' dir='ltr'><strong>νῦν</strong></span> <span class='ocrx_word' id='word_1_229' title='bbox 1331 2088 1560 2144; x_wconf 71' lang='grc' dir='ltr'><em>ἐπιθυμεῖ.</em></span> 
     </span>
    </p>

    <p class='ocr_par' dir='ltr' id='par_1_6' title="bbox 140 2150 1562 2217">
     <span class='ocr_line' id='line_1_29' title="bbox 140 2150 1562 2217; baseline 0.004 -21"><span class='ocrx_word' id='word_1_230' title='bbox 140 2150 404 2201; x_wconf 75' lang='grc' dir='ltr'><strong><em>ἀδικεῖσθαι</em></strong></span> <span class='ocrx_word' id='word_1_231' title='bbox 448 2156 533 2216; x_wconf 80' lang='grc' dir='ltr'><strong>γάρ</strong></span> <span class='ocrx_word' id='word_1_232' title='bbox 581 2172 740 2216; x_wconf 82' lang='grc' dir='ltr'><em>φησιν</em></span> <span class='ocrx_word' id='word_1_233' title='bbox 767 2157 976 2217; x_wconf 78' lang='grc' dir='ltr'><strong><em>πρότερος</em></strong></span> <span class='ocrx_word' id='word_1_234' title='bbox 1019 2156 1152 2201; x_wconf 86' lang='grc' dir='ltr'><strong><em>πόλλ’</em></strong></span> <span class='ocrx_word' id='word_1_235' title='bbox 1190 2156 1354 2209; x_wconf 81' lang='grc' dir='ltr'><strong><em>αὐτοὺς</em></strong></span> <span class='ocrx_word' id='word_1_236' title='bbox 1400 2174 1448 2202; x_wconf 76' lang='grc' dir='ltr'><strong>ευ</strong></span> <span class='ocrx_word' id='word_1_237' title='bbox 1485 2175 1562 2202; x_wconf 83' lang='grc' dir='ltr'><strong>πε-</strong></span> 
     </span>
    </p>

    <p class='ocr_par' dir='ltr' id='par_1_7' title="bbox 144 2227 1563 2420">
     <span class='ocr_line' id='line_1_30' title="bbox 891 2227 1095 2281; baseline 0 -10"><span class='ocrx_word' id='word_1_238' title='bbox 891 2227 1095 2281; x_wconf 81' lang='grc' dir='ltr'><em>ποιηκώς,</em></span> 
     </span>
     <span class='ocr_line' id='line_1_31' title="bbox 144 2292 1563 2356; baseline 0.004 -20"><span class='ocrx_word' id='word_1_239' title='bbox 144 2292 201 2336; x_wconf 80' lang='grc' dir='ltr'><strong>τὰ</strong></span> <span class='ocrx_word' id='word_1_240' title='bbox 235 2297 316 2350; x_wconf 77' lang='grc' dir='ltr'><strong>μὲν</strong></span> <span class='ocrx_word' id='word_1_241' title='bbox 351 2292 405 2338; x_wconf 86' lang='grc' dir='ltr'><strong>οὐ</strong></span> <span class='ocrx_word' id='word_1_242' title='bbox 442 2297 665 2354; x_wconf 74' lang='grc' dir='ltr'><strong>φανερῶς,</strong></span> <span class='ocrx_word' id='word_1_243' title='bbox 714 2295 815 2340; x_wconf 79' lang='grc' dir='ltr'><strong><em>ἀλλ’</em></strong></span> <span class='ocrx_word' id='word_1_244' title='bbox 851 2299 1092 2356; x_wconf 78' lang='grc' dir='ltr'><em>ἐπικουρῶν</em></span> <span class='ocrx_word' id='word_1_245' title='bbox 1136 2295 1332 2354; x_wconf 79' lang='grc' dir='ltr'><em>κρύβδην</em></span> <span class='ocrx_word' id='word_1_246' title='bbox 1379 2296 1563 2355; x_wconf 77' lang='grc' dir='ltr'><em>ἑτέροισι</em></span> 
     </span>
     <span class='ocr_line' id='line_1_32' title="bbox 869 2370 1088 2420; baseline 0.005 -10"><span class='ocrx_word' id='word_1_247' title='bbox 869 2370 1088 2420; x_wconf 82' lang='grc' dir='ltr'><em>ποιηταῖς,</em></span> 
     </span>
    </p>

    <p class='ocr_par' dir='ltr' id='par_1_8' title="bbox 141 2432 1449 2495">
     <span class='ocr_line' id='line_1_33' title="bbox 141 2432 1449 2495; baseline 0.004 -20"><span class='ocrx_word' id='word_1_248' title='bbox 141 2432 448 2491; x_wconf 75' lang='grc' dir='ltr'><em>μιμησάμενος</em></span> <span class='ocrx_word' id='word_1_249' title='bbox 477 2437 560 2490; x_wconf 80' lang='grc' dir='ltr'><strong>τήν</strong></span> <span class='ocrx_word' id='word_1_250' title='bbox 587 2437 854 2495; x_wconf 80' lang='grc' dir='ltr'><strong><em>Εὐρυκλέους</em></strong></span> <span class='ocrx_word' id='word_1_251' title='bbox 881 2438 1098 2494; x_wconf 78' lang='grc' dir='ltr'><em>μαντείαν</em></span> <span class='ocrx_word' id='word_1_252' title='bbox 1126 2440 1202 2481; x_wconf 85' lang='grc' dir='ltr'><strong>καὶ</strong></span> <span class='ocrx_word' id='word_1_253' title='bbox 1232 2434 1449 2491; x_wconf 83' lang='grc' dir='ltr'><em>διάνοιαν,</em></span> 
     </span>
    </p>

    <p class='ocr_par' dir='ltr' id='par_1_9' title="bbox 19 2500 1564 2782">
     <span class='ocr_line' id='line_1_34' title="bbox 142 2500 1531 2568; baseline 0.006 -23"><span class='ocrx_word' id='word_1_254' title='bbox 142 2500 204 2554; x_wconf 72' lang='grc' dir='ltr'><strong>εἷς</strong></span> <span class='ocrx_word' id='word_1_255' title='bbox 232 2503 463 2563; x_wconf 75' lang='grc' dir='ltr'><strong><em>ἀλλοτρίας</em></strong></span> <span class='ocrx_word' id='word_1_256' title='bbox 491 2511 706 2567; x_wconf 79' lang='grc' dir='ltr'><em>γαστέρας</em></span> <span class='ocrx_word' id='word_1_257' title='bbox 734 2509 860 2560; x_wconf 75' lang='grc' dir='ltr'><em>ἐνδύς</em></span> <span class='ocrx_word' id='word_1_258' title='bbox 888 2508 1122 2568; x_wconf 80' lang='grc' dir='ltr'><em>κωμῳδικὰ</em></span> <span class='ocrx_word' id='word_1_259' title='bbox 1147 2508 1292 2552; x_wconf 82' lang='grc' dir='ltr'><strong><em>πολλὰ</em></strong></span> <span class='ocrx_word' id='word_1_260' title='bbox 1315 2510 1531 2566; x_wconf 72' lang='grc' dir='ltr'><strong><em>χέασθαι.</em></strong></span> 
     </span>
     <span class='ocr_line' id='line_1_35' title="bbox 19 2575 1562 2637; baseline 0.006 -21"><span class='ocrx_word' id='word_1_261' title='bbox 19 2627 28 2633; x_wconf 37' lang='lat'><em>¹</em></span> <span class='ocrx_word' id='word_1_262' title='bbox 85 2575 290 2630; x_wconf 83' lang='lat' dir='ltr'><strong>Loquitur</strong></span> <span class='ocrx_word' id='word_1_263' title='bbox 334 2581 387 2622; x_wconf 90' lang='lat' dir='ltr'><strong>de</strong></span> <span class='ocrx_word' id='word_1_264' title='bbox 427 2581 604 2633; x_wconf 83' lang='lat' dir='ltr'><strong>fabulis,</strong></span> <span class='ocrx_word' id='word_1_265' title='bbox 643 2597 744 2637; x_wconf 85' lang='lat' dir='ltr'><strong>quas</strong></span> <span class='ocrx_word' id='word_1_266' title='bbox 793 2589 891 2625; x_wconf 89' lang='lat' dir='ltr'><strong>ante</strong></span> <span class='ocrx_word' id='word_1_267' title='bbox 927 2585 1105 2637; x_wconf 80' lang='lat' dir='ltr'><strong>Equites</strong></span> <span class='ocrx_word' id='word_1_268' title='bbox 1144 2583 1308 2634; x_wconf 86' lang='lat' dir='ltr'><strong>docuit,</strong></span> <span class='ocrx_word' id='word_1_269' title='bbox 1345 2584 1389 2626; x_wconf 90' lang='lat' dir='ltr'><strong>h.</strong></span> <span class='ocrx_word' id='word_1_270' title='bbox 1429 2598 1468 2626; x_wconf 87' lang='lat' dir='ltr'><strong>e.</strong></span> <span class='ocrx_word' id='word_1_271' title='bbox 1508 2585 1562 2625; x_wconf 88' lang='lat' dir='ltr'><strong>de</strong></span> 
     </span>
     <span class='ocr_line' id='line_1_36' title="bbox 82 2646 1562 2709; baseline 0.005 -22"><span class='ocrx_word' id='word_1_272' title='bbox 82 2646 422 2702; x_wconf 83' lang='lat' dir='ltr'><strong>-Daetalensibus,</strong></span> <span class='ocrx_word' id='word_1_273' title='bbox 463 2655 724 2708; x_wconf 83' lang='lat' dir='ltr'><strong>Babyloniis,</strong></span> <span class='ocrx_word' id='word_1_274' title='bbox 766 2657 1130 2705; x_wconf 83' lang='lat' dir='ltr'><strong>Achamensibus,</strong></span> <span class='ocrx_word' id='word_1_275' title='bbox 1173 2655 1355 2708; x_wconf 86' lang='lat' dir='ltr'><strong>dicitque</strong></span> <span class='ocrx_word' id='word_1_276' title='bbox 1399 2669 1446 2696; x_wconf 87' lang='lat' dir='ltr'><strong>se</strong></span> <span class='ocrx_word' id='word_1_277' title='bbox 1487 2669 1562 2709; x_wconf 89' lang='lat' dir='ltr'><strong>per</strong></span> 
     </span>
     <span class='ocr_line' id='line_1_37' title="bbox 94 2716 1564 2782; baseline 0.007 -26"><span class='ocrx_word' id='word_1_278' title='bbox 94 2716 196 2759; x_wconf 86' lang='lat' dir='ltr'><strong>alios</strong></span> <span class='ocrx_word' id='word_1_279' title='bbox 211 2726 370 2772; x_wconf 84' lang='lat' dir='ltr'><strong>poetas,</strong></span> <span class='ocrx_word' id='word_1_280' title='bbox 411 2737 514 2777; x_wconf 87' lang='lat' dir='ltr'><strong>quos</strong></span> <span class='ocrx_word' id='word_1_281' title='bbox 540 2726 644 2766; x_wconf 89' lang='lat' dir='ltr'><strong>clam</strong></span> <span class='ocrx_word' id='word_1_282' title='bbox 674 2727 974 2779; x_wconf 86' lang='lat' dir='ltr'><strong>subornaverit,</strong></span> <span class='ocrx_word' id='word_1_283' title='bbox 1003 2727 1159 2782; x_wconf 85' lang='lat' dir='ltr'><strong>populo</strong></span> <span class='ocrx_word' id='word_1_284' title='bbox 1190 2727 1405 2768; x_wconf 87' lang='lat' dir='ltr'><strong>commoda</strong></span> <span class='ocrx_word' id='word_1_285' title='bbox 1436 2728 1564 2768; x_wconf 91' lang='lat' dir='ltr'><strong>multa</strong></span> 
     </span>
    </p>
   </div>
  </div>
 </body>
</html>
