1716 3164
247 154 356 201 1⁰86
750 157 1104 201 ARlSTOPHAN
1111 159 1158 200 lS

245 271 305 313 las
327 272 435 310 artes
460 267 611 308 evitare
633 267 819 308 student:
857 264 909 307 Οἱ
939 265 984 307 δὲ
1013 264 1089 315 τὰς
1117 265 1281 320 πληγὰς
1309 264 1486 322 ὁρῶντες
1513 263 1565 315 ὃς
1593 263 1687 307 ἐτύ-

245 333 410 378 πτονθ’
443 335 486 376 οἱ
515 334 639 387 ξένοι,
672 332 850 391 Χρυσίῳ
879 334 965 375 τῶν
993 335 1130 376 ταῦτα
1160 333 1399 376 ποιούντων
1424 334 1608 390 ἐβύνουν
1637 334 1686 376 τὸ

244 402 402 459 στόμα.
438 430 494 437 ——
529 406 600 447 Vs.
631 407 657 445 6
687 406 779 446 edd.
809 401 1104 457 ἀποβήσεται,
1133 407 1345 446 articulum
1374 408 1528 447 addidit
1555 408 1685 447 Brun-

244 477 347 517 kius.
376 501 431 509 -—
461 476 529 517 Vs.
559 476 585 514 7
614 475 824 515 Seidlerus
853 471 895 514 τί
924 470 973 513 δ’
1007 471 1307 528 ὑποτεκμαίρει
1336 476 1511 527 scripsit.
1548 472 1686 521 κακῶς

243 550 359 584 recte
390 544 620 593 Elmsleius,
653 545 746 584 edd.
772 540 938 591 κακούς.
968 569 1021 576 -
1052 545 1164 586 Vs.8
1191 542 1514 595 καλακογαθεῖν
1528 545 1685 596 scripsi,

244 614 311 655 ed.
354 614 478 655 Basil.
533 611 902 664 καλοκαγαθεῖον,
959 610 1063 654 Ald,
1091 610 1436 666 καλοκαγαθῶν,
1482 613 1684 652 Henricus

243 683 387 734 steph.
417 678 756 733 καλοκαγαθίαν
785 683 972 735 scripsit,
1010 683 1120 735 quod
1159 696 1238 723 non
1269 683 1471 722 debebant
1500 682 1685 721 homines

221 752 354 792 ‘docti
399 753 596 805 probare:
647 752 810 792 omnino
858 757 993 792 autem
1038 752 1190 792 frustra
1238 753 1392 792 studuit
1434 750 1685 792 Fritzschius

242 833 283 873 p.
313 821 368 860 52
397 833 484 872 sqq.
516 820 735 861 ostendere
763 826 805 861 et
834 816 1237 874 ὑποτεκμαίρεσθαι
1264 826 1306 861 et
1333 815 1682 871 καλοκαγαθίαν,

243 893 285 929 ct
313 884 459 928 ἀσκεῖν
487 886 825 940 καλοκαγαθίαν
859 891 1085 930 insolenter
1126 891 1277 930 dictum
1315 904 1429 939 esse,
1466 890 1507 929 in
1538 889 1684 941 quibus

241 958 342 999 nihil
371 958 557 1011 profecto
585 958 710 1008 inest,
748 960 856 1012 quod
893 960 1088 999 novitium
1124 972 1291 1012 prorsus
1331 964 1374 999 et
1402 961 1451 999 ab
1481 959 1683 998 communi

241 1030 535 1069 consuetudine
564 1030 787 1069 abhorrere
816 1030 943 1069 visum
973 1030 1025 1069 sit
1045 1029 1328 1081 Aristophanis
1357 1029 1612 1080 aequalibus:
1643 1031 1685 1066 at

239 1108 321 1137 non
348 1102 643 1150 perspexerunt
669 1099 855 1138 homines
884 1099 992 1138 docti
1020 1098 1217 1137 rationem
1245 1098 1366 1136 huius
1395 1097 1498 1144 loci,
1536 1096 1682 1134 mirum

239 1177 342 1206 sane
377 1168 615 1208 vocabulum
653 1164 854 1218 σορέλλη,
892 1168 941 1206 ab
973 1167 1193 1219 Lysistrato
1222 1166 1393 1204 ridicule
1423 1165 1562 1203 fictum
1592 1176 1682 1203 esse

239 1236 419 1275 ostendit
456 1249 602 1276 senex:
637 1237 817 1276 insolens
856 1236 958 1275 illud
985 1229 1297 1285 κατειπλιγήσει
1325 1248 1348 1273 a
1376 1234 1504 1273 stadio
1534 1246 1581 1273 ac
1609 1245 1680 1284 pa-

152 1338 167 1342 ,
238 1303 388 1345 laestra
416 1306 466 1345 ad
503 1307 719 1346 oratoriam
756 1305 990 1345 facultatem
1030 1305 1290 1353 translatum,
1327 1308 1367 1343 at
1396 1317 1418 1342 a
1447 1303 1679 1343 rhetoribus

237 1373 346 1414 hanc
382 1375 688 1414 translationem
727 1374 1024 1426 frequentatam
1064 1386 1154 1414 esse
1193 1373 1325 1424 arguit
1362 1376 1503 1424 pater:
1544 1384 1678 1412 rarum

238 1443 399 1484 dicendi
427 1456 556 1496 genus
585 1439 794 1493 ἀποβύειν
821 1438 1017 1498 ῥήματα,
1052 1447 1094 1482 at
1130 1443 1179 1482 ab
1208 1442 1417 1483 Alcibiade
1453 1441 1677 1482 adhibitum

237 1525 330 1552 esse
364 1513 573 1553 contendit
609 1525 755 1552 senex:
798 1525 904 1552 nunc
938 1513 979 1552 in
1010 1516 1187 1551 extrema
1217 1511 1457 1563 praesertim
1488 1516 1677 1564 expostu-

236 1582 389 1623 latione
418 1595 566 1622 novum
595 1581 759 1633 aliquod
782 1587 822 1620 et
837 1594 1004 1633 prorsus
1032 1581 1255 1620 inauditum
1286 1581 1539 1630 vocabulum,
1569 1582 1676 1633 quod

236 1652 393 1703 reliqua
420 1652 490 1691 illa
519 1664 685 1704 prorsus
712 1651 926 1691 insolentia
955 1654 1134 1702 superet,
1165 1651 1481 1701 exspectaveris3
1512 1655 1552 1689 et
1581 1664 1675 1703 pro-

237 1720 348 1760 fecto
377 1734 500 1761 senex
530 1724 652 1773 negat
680 1733 725 1759 se
753 1732 927 1772 unquam
959 1724 1183 1759 monstrum
1218 1719 1300 1758 tale
1338 1720 1563 1759 audivisse:
1599 1722 1676 1760 ita-

236 1803 318 1842 que
347 1791 476 1830 critici
506 1794 568 1829 est
595 1790 788 1841 indagare
818 1790 986 1829 verbum
1025 1802 1104 1828 non
1135 1788 1242 1839 quod
1273 1789 1484 1828 conveniat
1521 1802 1676 1829 sermo-

235 1859 300 1899 nis
328 1859 500 1911 legibus,
531 1859 602 1898 sed
633 1859 742 1910 quod
763 1871 927 1910 prorsus
957 1859 1184 1910 discrepet:
1214 1870 1337 1908 quare
1354 1855 1678 1907 καλοκαγαθεῖν

235 1927 492 1968 scribendum
521 1929 683 1968 censui:
721 1929 889 1967 verbum
920 1940 1016 1967 sane
1049 1927 1244 1966 audacter
1273 1940 1296 1966 a
1325 1930 1444 1978 poeta
1469 1930 1674 1976 novatum,

233 1996 443 2036 institutae
482 1994 615 2037 tamen
654 1998 879 2037 sententiae
915 1997 1060 2036 eximie
1102 1995 1310 2043 convenit,
1346 1999 1388 2033 et
1423 1999 1468 2034 ut
1496 1996 1674 2048 ingenue

232 2065 386 2114 fatear,
423 2066 641 2116 Euripides
678 2078 758 2106 non
789 2066 984 2106 dubitavit
1021 2064 1164 2105 similia
1193 2063 1389 2114 quaedam
1417 2064 1575 2116 fingere
1604 2079 1674 2105 vo-

233 2134 389 2183 cabula,
420 2135 539 2186 quale
568 2138 630 2174 est
659 2133 924 2187 συνασοᾳεῖν
951 2135 991 2174 in
1022 2133 1232 2173 Phoeniss.
1265 2145 1300 2172 v.
1329 2133 1412 2171 337
1441 2137 1483 2171 et
1511 2134 1673 2185 Sopho-

234 2203 318 2244 cles
347 2198 519 2242 α’νοσεῖν
545 2204 586 2244 in
615 2205 773 2245 Allead.
804 2205 873 2244 Fr.
900 2204 981 2243 109
1012 2203 1079 2251 ll,
1116 2214 1235 2254 quam
1273 2202 1545 2241 coniecturam
1575 2203 1672 2243 olim

233 2273 479 2325 propositam
511 2274 632 2312 etiam
663 2286 769 2313 nunc
798 2278 929 2313 tueor.
977 2273 1168 2312 Ceterum
1197 2266 1297 2309 ἀσκιε
1303 2270 1343 2309 ἵν
1371 2270 1554 2310 similiter
1582 2285 1672 2312 cum

232 2342 430 2383 infinitivo
469 2342 673 2382 coniunxit
708 2343 933 2396 Sophocles
969 2343 1038 2382 Fr.
1075 2340 1182 2381 865.
1234 2337 1286 2378 Οἱ
1323 2336 1413 2393 γὰρξ
1440 2335 1672 2394 γύνανδροι

232 2410 308 2450 καὶ
343 2408 479 2461 λέγειν
514 2406 757 2459 ἠσκηκότες.
795 2437 851 2444 —-
888 2411 1045 2452 Deinde
1081 2399 1204 2462 οἶμαι
1242 2410 1356 2458 edd„
1386 2410 1604 2449 Gornarius
1631 2407 1680 2448 οἵ

231 2491 318 2531 μοι.
354 2481 700 2532 'lhrasymachum
731 2486 880 2529 autem,
911 2492 1031 2531 quem
1061 2480 1130 2519 hic
1158 2473 1375 2530 compellat
1404 2491 1540 2526 senex,
1569 2479 1671 2518 Sue-

233 2549 395 2589 vernius
422 2550 464 2589 in
495 2550 722 2590 comment.
754 2551 806 2589 de
834 2551 940 2590 Nub.
965 2563 1004 2601 p.
1035 2550 1088 2588 27
1126 2549 1325 2588 intellexit
1353 2547 1671 2587 Chalcedonium

233 2617 482 2668 sophistam,
516 2632 622 2670 quae
663 2618 944 2671 interpretatio
991 2605 1104 2657 nullo
1142 2622 1259 2669 pacto
1298 2616 1398 2655 ferri
1439 2619 1598 2667 potest:
1631 2621 1672 2656 at

232 2690 494 2739 praepostere
517 2688 766 2730 Fritzschius
796 2701 836 2740 p.
865 2687 920 2727 54
960 2687 1146 2736 coniicit,
1184 2687 1263 2726 boc
1299 2684 1462 2725 nomine
1501 2685 1671 2736 probum
