1716 3164
600 180 1055 224 ARISTOPHANES.
1490 185 1576 226 899

15 300 17 332 J
86 313 185 344 vero
217 300 322 341 allus
351 297 659 361 grammaticus,
688 296 758 348 qui
795 301 947 349 poetae
987 298 1113 338 vitam
1145 296 1373 347 enarravit,
1418 297 1576 350 alioqui

84 377 230 413 auctor
258 371 344 411 fide
376 370 550 423 dignus,
593 367 865 420 quadraginta
902 372 1062 409 tantum
1102 372 1298 420 quattuor
1328 369 1433 410 dicit
1455 368 1577 410 fabu-

82 443 165 484 las:
194 437 398 495 ’Ἔγραψε
441 438 486 479 δὲ
517 434 725 492 δράματα
752 432 848 488 μδ’,
887 427 951 476 ὦν
979 433 1258 489 ἀντιλέγεται
1289 438 1484 494 τέσσαρα
1515 434 1575 487 ὠς

81 509 159 553 οὐκ
188 506 300 552 ὄντα
325 507 464 551 αὐτοῦ
516 507 609 550 ἔστι
639 506 685 547 δὲ
716 506 873 555 ταῦτα,
904 505 1122 559 Heluam,
1152 506 1382 562 Ναυαγός,
1418 509 1575 560 Νῆσοι,

82 580 258 636 Νίοβις,
291 578 323 622 c‘c'
353 583 462 630 τινὲς
491 578 669 635 ἔφασαν
697 568 811 618 εἶναι
841 577 918 618 τοῦ
946 574 1213 634 Ἀρχίππου.
1245 581 1380 622 Aliam
1396 582 1577 634 denique

85 656 368 696 diversitatem
386 652 623 694 Dindorfius
654 651 694 691 in
728 650 877 690 eodem
907 652 1176 704 grammatico
1196 652 1249 692 de
1265 664 1372 693 com.
1388 665 1430 706 p.
1446 652 1526 693 ΧΠ
1547 652 1575 693 5

95 727 396 779 sibireperisse
426 723 536 763 visus
569 726 657 763 est:
697 719 881 773 σώζᾰται
921 721 967 762 δὲ
1007 718 1148 763 αὐτοῦ
1177 719 1387 777 δράματα
1413 718 1474 776 μ’,
1511 713 1576 763 ὦν

80 793 381 849 ἀντιλέγονται
411 788 464 836 δ’.
524 795 579 834 At
608 793 712 835 haec
743 796 796 836 de
828 795 1090 848 Epicharmi,
1132 808 1214 835 non
1245 795 1298 835 de
1329 796 1576 849 Aristopha-

81 870 143 910 nis
174 867 398 909 comoediis
431 867 540 906 dicta
570 870 679 907 sunt.
749 868 795 907 In
836 868 1023 907 diversas
1054 872 1193 906 autem
1226 879 1401 919 prorsus
1432 871 1575 920 partes

80 939 297 979 discedunt
316 937 497 978 [tankius
518 941 560 977 et
577 937 840 977 Dindorfius:
870 938 942 977 ille
974 937 1085 978 enim
1108 937 1203 978 fere
1226 950 1372 978 omnes
1403 938 1574 979 omnino

0 1019 2 1062 ξ
77 1009 310 1049 fabularum
351 1008 515 1057 titulos,
567 1021 671 1060 quos
710 1020 817 1048 unus
857 1008 1016 1048 alterve
1056 1008 1352 1060 grammaticus
1393 1009 1575 1049 oscitans

76 1080 320 1132 adscripsit,
358 1093 381 1119 a
413 1079 736 1119 dubitationibus
768 1078 1003 1121 defendere
1035 1084 1241 1129 conatur,
1282 1079 1338 1118 ita
1371 1067 1416 1119 dt
1449 1079 1568 1131 quin⁴

77 1152 272 1204 quaginta
303 1150 404 1190 duas
435 1150 672 1191 comoedias
696 1151 964 1202 Aristophani
995 1150 1288 1199 vindicaverit3
1320 1150 1571 1191 Dindorfius

77 1228 216 1262 autem
249 1221 447 1262 maiorem
479 1223 712 1262 cautionem
744 1222 1020 1262 adhibendam
1059 1227 1175 1262 ratus
1214 1221 1327 1261 illius
1358 1234 1569 1274 gramma-

77 1292 171 1341 tici,
212 1294 281 1343 qui
312 1292 602 1345 Aristophanis
642 1293 766 1332 vitam
811 1293 1077 1345 conscripsit,
1114 1293 1320 1333 rationem
1362 1292 1572 1345 sequitur,

74 1362 131 1402 ita
159 1365 204 1402 ut
234 1364 503 1415 quadraginta
534 1366 728 1415 quattuor
758 1365 996 1404 comoedias
1035 1378 1058 1404 a
1087 1369 1213 1418 poeta
1243 1363 1456 1416 profectas
1501 1375 1571 1403 re-

73 1436 262 1482 censeat,
302 1446 352 1474 ex
388 1433 537 1486 quibus
579 1437 776 1486 quattuor
815 1436 866 1473 ab
906 1435 1086 1486 antiquis
1128 1435 1285 1474 criticis
1327 1433 1490 1474 fuerint
1527 1433 1573 1475 in

74 1505 373 1545 dubitationem
414 1510 598 1545 vocatae.
675 1506 737 1546 Ac
767 1506 873 1545 mihi
908 1507 1077 1558 quidem
1122 1505 1359 1546 rectissime
1400 1504 1570 1544 videtur

73 1576 317 1616 Dindorfius
348 1576 582 1617 fabularum
615 1587 835 1617 numerum
868 1577 1151 1627 imminuisse,
1192 1589 1330 1628 neque
1367 1590 1416 1616 ea
1447 1588 1572 1629 argu-

74 1651 227 1695 menta,
275 1660 381 1699 quae
411 1649 586 1701 protulit
618 1649 804 1688 Rankius
841 1648 892 1687 ad
925 1649 1138 1701 vulgarem
1171 1648 1410 1700 opinionem
1440 1650 1568 1688 tuen-

74 1716 182 1766 dam,
221 1717 277 1756 ita
314 1723 410 1758 sunt
441 1724 700 1771 comparata,
741 1724 786 1759 ut
817 1718 1090 1759 dubitationis
1124 1718 1345 1771 scrupulos
1374 1718 1569 1758 eximant.

73 1786 131 1827 Et
158 1784 376 1836 Βυηθούς
414 1790 581 1841 quidem
614 1794 656 1830 et
686 1790 941 1843 Autolycum
973 1790 1212 1830 Dindorfius
1244 1803 1283 1841 p.
1315 1790 1342 1828 6
1373 1801 1434 1841 sq.
1466 1801 1570 1830 vere

74 1857 324 1898 abiudicavit
366 1860 659 1913 Aristophani,
699 1861 799 1901 item
839 1873 945 1912 quae
985 1875 1026 1913 p.
1057 1861 1084 1901 7
1125 1859 1178 1900 de
1217 1859 1462 1900 Erechtheo
1504 1859 1570 1899 di-

74 1929 276 1981 sputavit,
329 1930 558 1982 probabilia
603 1931 822 1972 videntur:
879 1945 929 1972 ea
979 1935 1121 1971 autem
1163 1943 1270 1983 quae
1318 1930 1468 1969 Pollux
1505 1929 1569 1970 111

73 1999 145 2050 43,
176 2002 371 2053 tanquam
404 2014 454 2041 ex
483 2003 774 2056 Aristophanis
801 2003 963 2044 Glauco
994 2002 1130 2050 affert,
1162 2000 1357 2052 equidem
1388 2013 1470 2041 non
1499 2012 1569 2040 re-

72 2069 222 2123 pudio,
263 2071 336 2111 sed
367 2072 419 2112 ad
451 2072 672 2126 Polyidum
711 2075 936 2115 referenda
967 2073 1134 2121 censui,
1172 2071 1253 2112 vid.
1285 2070 1409 2112 infra.
1479 2070 1568 2111 Iam

72 2153 178 2194 quae
209 2141 379 2184 fabulae
419 2150 799 2187 commemorantur
835 2145 946 2199 apud
984 2144 1158 2186 Antiatt.
1189 2157 1231 2197 p.
1262 2143 1320 2183 88
1349 2142 1432 2183 24:
1473 2139 1569 2181 Δι-

71 2208 291 2262 δοῦσιν,
320 2210 374 2253 οὐ
403 2210 625 2267 διδόασιν,
651 2210 990 2271 Ἀριστοφάνης
1008 2210 1331 2268 Ιῐίῑητροφῶντι,
1363 2217 1406 2253 et
1421 2226 1462 2266 p.
1484 2212 1568 2253 106

70 2283 150 2325 24:
190 2280 394 2336 Λείψας,
432 2280 535 2326 ἀντὶ
566 2285 645 2327 τοῦ
673 2282 844 2337 λιπών,
881 2279 1221 2341 Ἀριστοφάνης
1257 2277 1564 2338 Ἀνδρομέδᾳ,

72 2366 150 2394 eae
179 2353 271 2394 iure
305 2361 526 2408 suspectae
567 2362 664 2397 sunt
693 2358 908 2398 Dindorfio
940 2357 1005 2397 vel
1037 2359 1212 2408 propter
1242 2354 1373 2407 ipsam
1405 2354 1566 2396 forma·

72 2435 166 2464 rum
206 2424 373 2465 illarum
412 2426 671 2479 pravitatem.
738 2427 976 2468 Meinekius
1016 2426 1144 2479 igitur
1174 2424 1256 2465 vol.
1288 2424 1307 2464 1
1336 2437 1378 2477 p.
1406 2423 1490 2464 325
1522 2427 1567 2477 et

70 2494 155 2535 328
194 2495 460 2550 Antiphanis
500 2510 651 2539 nomeu
697 2499 739 2539 in
778 2497 1089 2550 Aristophanis*
1116 2496 1257 2536 locum
1305 2494 1564 2536 substituere

68 2564 228 2615 voluit,
260 2566 339 2607 nisi
378 2567 490 2608 forte
519 2572 702 2621 praestat
731 2573 956 2621 utrumque
985 2566 1290 2620 Aristophontae'
1337 2565 1562 2607 vindicare.

70 2634 229 2677 Verum
273 2651 380 2690 quae
423 2639 534 2692 apud
582 2640 905 2681 Grammaticum
952 2638 1134 2680 Bekkeri
1165 2638 1184 2677 1
1224 2650 1266 2690 p.
1295 2635 1381 2677 383
1410 2636 1466 2676 1ss
1512 2649 1564 2677 ex

25 2724 31 2729 ·
71 2705 359 2761 Aristophanis
384 2709 525 2750 Tereo
555 2715 859 2764 proponuntur,
890 2723 940 2750 ea
969 2722 1052 2750 non
1083 2710 1180 2750 sunt
1208 2706 1451 2757 reiicienda,
1482 2706 1560 2748 sed

70 2782 311 2831 corruptum
354 2783 418 2821 est·
463 2781 706 2824 comoediae
749 2793 926 2830 nomen,
978 2779 1191 2834 pertinent
1234 2777 1346 2820 enim
1387 2778 1469 2818 ista
1509 2775 1565 2835 ad,

1177 2847 1236 2887 57
1270 2851 1290 2868 ⁸
