1716 3164
700 166 720 210 1
730 162 788 207 Ἠ
798 162 932 211 ΡΑΣ.
1444 157 1556 202 1⁰08

67 276 204 324 αὐτόν
232 292 348 336 φασι
379 277 614 334 πολλαχοῦ,
646 278 751 329 ἴσως
781 276 826 320 δὲ
857 278 930 320 καὶ
955 271 1024 321 ὅτι
1042 274 1249 331 μυλῶνας
1277 274 1478 329 ἐκέκτητο
1507 275 1556 320 ἐν

67 346 134 402 οἷς
170 350 248 401 σῦς
286 348 478 407 ἔτρεφεν.
544 353 741 394 Fortasse
780 353 870 405 lpse
914 364 1080 404 quoque
1111 349 1411 403 Aristophanes
1452 363 1556 393 euu-

71 426 167 467 dem
198 427 445 474 Eum-atem,
486 424 520 463 si
553 436 633 463 non
663 423 706 463 in
737 423 816 463 hac
846 423 1085 471 comoedia,
1125 426 1166 461 at
1196 421 1237 461 iu
1268 421 1349 461 alia
1377 422 1555 475 quadam

71 496 233 536 vocavit
275 510 390 536 suem
428 500 469 536 et
499 507 663 542 ursum,
709 506 815 545 quae
847 493 1014 545 quidem
1057 492 1242 532 convicia
1280 506 1358 545 ego
1390 506 1472 535 non
1503 493 1555 535 ad

14 598 16 613 2
71 567 275 607 hirsutam
305 567 469 615 faciem,
499 566 573 606 sed
604 563 656 604 ad
685 564 899 604 sordidum
931 563 1087 603 cultum
1111 563 1387 616 horridosque
1418 578 1555 608 mores

71 639 319 679 rettulerim.
366 636 585 679 Vendebat
615 641 751 675 autem
787 637 987 675 Eucrates
1017 634 1090 673 ille
1124 635 1368 686 cannabum,
1400 642 1443 676 et
1474 638 1555 678 Pe-

73 708 176 748 ricle
214 713 377 750 mortuo
415 705 651 758 aliquandiu
691 706 865 746 civitatis
907 706 1041 745 tenuit
1085 705 1291 754 habenas,
1341 707 1422 748 vid.
1464 709 1556 750 Ari-

72 779 209 832 stoph.
253 778 408 831 Equitt.
457 790 493 817 v.
543 777 651 817 128:
699 771 759 816 ‘0
798 772 996 830 χρησμὸς
1042 770 1247 829 ἄντικρυς
1290 774 1427 830 λέγει,
1469 775 1557 828 ’.Ως

73 847 226 904 πρῶτα
262 850 343 903 μὲν
382 843 748 897 στυππειοπώλης
783 845 1005 900 γίγνεται,
1033 841 1118 895 ‘'05-
1148 845 1320 902 πρῶτος
1359 846 1442 900 ἕξει
1479 849 1556 902 τῆς

72 915 238 968 πόλεως
277 917 332 960 τὰ
369 919 623 976 πράγματα.
668 920 737 960 ubi
767 920 1009 960 scholiasta:
1049 915 1415 971 στυππειοπώλης
1444 917 1469 962 ὁ
1500 920 1556 963 τὰ

73 990 292 1030 στυππεῖα
331 989 490 1031 πωλῶν
530 988 731 1030 τουτέστι
766 986 1016 1042 καννάβινα
1050 986 1164 1030 λινᾶ.
1226 987 1359 1040 δηλοῖ
1391 989 1438 1031 δὲ
1476 989 1558 1034 τὸν

58 1054 275 1117 Ἐὐκράτη
304 1062 380 1103 καὶ
408 1060 492 1114 τὴν
520 1059 597 1103 ἐπ’
628 1057 767 1102 αὐτοῦ
798 1057 1048 1101 πολιτείαν·
1079 1055 1129 1108 ὃς
1160 1058 1427 1115 στύππαξ
1454 1062 1556 1105 ἐκα-

71 1129 188 1172 λεῖτο
214 1130 294 1173 διὰ
324 1131 374 1174 τὸ
405 1128 771 1183 στυππειοπώλης
799 1122 925 1180 εἶναι,
956 1127 1014 1181 ὠς
1043 1131 1120 1172 καὶ
1143 1130 1190 1172 ἐν
1210 1129 1381 1187 ἑτέροις.
1404 1136 1556 1179 Eidem

72 1216 172 1245 vero
203 1206 325 1246 etiam
358 1207 529 1260 pistrina
559 1210 697 1255 erant,
734 1210 781 1245 ut
812 1205 986 1245 Photius
1016 1208 1059 1244 et
1087 1203 1329 1258 Hesychius
1359 1205 1556 1261 indicant,

71 1274 212 1328 itaque
242 1290 335 1317 cum
368 1278 548 1330 denique
576 1278 620 1318 in
649 1276 848 1318 iudicium
880 1280 1049 1317 vocatus
1080 1281 1190 1317 esset
1222 1278 1452 1332 capitisque
1482 1293 1556 1335 pe-

72 1346 251 1388 riculum
280 1348 540 1400 immineret,
571 1348 792 1402 largitione
822 1359 1009 1388 annonae
1040 1347 1105 1388 vel
1135 1348 1258 1389 simili
1288 1349 1426 1402 aliquo
1457 1351 1557 1393 arti-

71 1417 168 1458 ficio
207 1419 371 1460 videtur
399 1433 525 1500 gravve
571 1419 794 1461 discrimen
835 1418 1033 1468 elusisse,
1074 1419 1159 1460 vid.
1188 1420 1347 1471 Equitt.
1386 1436 1424 1464 v,
1448 1421 1556 1465 253:

71 1484 281 1543 Εὐλαβοῦ
310 1488 356 1530 δὲ
382 1504 444 1544 μη
473 1484 602 1545 ’7ςτύγ
578 1502 632 1547 γῃ
662 1500 734 1530 σε·
776 1486 851 1529 καὶ
879 1485 963 1543 γὰρ
994 1477 1084 1528 οἶδε
1116 1486 1195 1538 τὰς
1226 1487 1356 1540 ὁδοὺς
1377 1484 1557 1550 “Λσηερ

70 1555 297 1615 Εὐκράτης
326 1557 508 1617 ἔφευγεν
536 1557 655 1602 εὐθυ
683 1556 772 1601 τῶν
800 1574 920 1615 κυρη
920 1558 1036 1602 θέων.
1079 1562 1152 1602 ubi
1183 1561 1430 1606 scholiasta.
1461 1563 1557 1605 ε’πί-

73 1628 235 1672 σταταί
265 1646 400 1688 φησι,
442 1630 519 1682 τὰς
548 1629 811 1680 καταδύσεις
841 1628 1093 1687 Εὐκράτους
1130 1631 1209 1682 τὰς
1239 1630 1311 1674 ἐπὶ
1341 1632 1396 1675 τὰ
1425 1647 1557 1693 κυρη-

73 1701 154 1756 βια
191 1729 248 1738 —-
285 1702 490 1758 μυλῶνας
532 1701 578 1744 δὲ
631 1700 740 1758 ἔχων
787 1698 811 1743 ὁ
852 1699 1079 1758 Εὐκράτης
1123 1698 1300 1753 εικότως
1349 1696 1433 1761 εἶχε
1479 1709 1556 1749 καὶ

74 1770 286 1829 κυρηβια·
324 1773 610 1833 ἐκωμῴδησεν
655 1787 735 1815 ουν
776 1768 976 1829 εἰκαίρως
1016 1772 1156 1815 αὐτὸν
1193 1773 1250 1824 ώς
1289 1775 1558 1835 μυλωνίρην

73 1846 148 1888 καὶ
177 1861 235 1895 ως
265 1844 350 1902 πρὸ
379 1844 517 1887 αι’τοῦ
548 1843 921 1900 πολιτευσάμενον
949 1846 1024 1887 καὶ
1054 1845 1320 1902 πεφευγότα.
1352 1857 1395 1890 et
1423 1851 1555 1893 alius:

73 1914 195 1959 ἔνθα
232 1917 275 1958 οἱ
305 1914 463 1973 κάχρυς
501 1914 747 1973 ([ρύγονται
786 1945 841 1952 ᾖ
880 1913 1070 1959 σκώπτει
1099 1917 1145 1959 δὲ
1174 1921 1250 1960 καὶ
1281 1918 1359 1960 τὸν
1388 1917 1556 1976 Εὐκρά-

74 2002 155 2040 την
181 1985 240 2039 ὥς
269 1986 481 2040 τοιαύτην
510 1989 665 2043 τέχνην
694 1985 865 2044 ἔχοντα.
910 1988 956 2029 ἐν
986 1986 1135 2039 ἄλλοις
1165 1989 1273 2043 γοῦν
1302 1994 1556 2048 φανερωτέ-

67 2075 158 2116 ,ρως
175 2058 309 2116 quoi·
329 2060 438 2102 Καὶ
467 2058 531 2102 συ
558 2059 948 2116 κυρηβιοπιῦλα
966 2048 1246 2116 Εὔκρατες
1276 2060 1553 2117 στύππαξ.

73 2133 265 2175 Eundem
295 2134 520 2175 Eum-atem
551 2134 786 2174 existimant
815 2134 1040 2188 perstringi
1078 2136 1202 2176 etiam
1242 2137 1283 2177 in
1330 2138 1559 2190 Lysistrata

74 2217 114 2246 v,
144 2205 252 2246 1032
277 2198 337 2244 ‘O
366 2202 473 2256 γοῦν
502 2200 606 2257 ε’μὸς
633 2199 743 2257 ἀνὴρ
773 2202 898 2244 πέντε
929 2203 1074 2257 μῆνας
1106 2195 1137 2244 ὦ
1173 2202 1313 2246 τάλαν
1335 2203 1559 2247 ”Απεστιν

74 2270 148 2314 ἐπὶ
182 2269 357 2329 Θρᾴκης
396 2268 632 2327 φυλάττων
660 2269 879 2326 Εὐκράτη.
943 2289 1039 2316 nam
1073 2276 1221 2317 Suidas
1264 2291 1304 2318 v.
1335 2273 1559 2318 ”Ansam

77 2344 200 2386 dicit:
230 2339 457 2398 Εὐκράτης
487 2333 614 2391 οὗτος
645 2331 700 2390 ἦν
729 2342 976 2397 στρατηγὸς
995 2340 1282 2396 Ἀθηναίων,
1315 2343 1339 2387 ὁ
1370 2346 1558 2390 καλοῦ-

75 2427 235 2469 μενος
281 2410 562 2468 στύππαξ,
601 2410 846 2468 δωροδόκος
884 2415 959 2455 καὶ
999 2412 1233 2471 προδότης,
1271 2412 1320 2466 ὃς
1357 2412 1557 2461 ἀπώλετο

76 2482 163 2527 ὑπὸ
199 2482 287 2526 τῶν
322 2481 581 2542 τριάκοντα,
618 2484 663 2526 οἱ
703 2483 749 2525 δὲ
778 2481 836 2534 αἶς
865 2486 978 2526 πιών
1006 2484 1198 2531 κώνειον.
1259 2491 1368 2532 Sane
1399 2482 1556 2533 Euora-⁴

76 2564 154 2610 tes,
183 2558 328 2599 Niciae
357 2558 503 2609 frater,
532 2564 627 2613 post
656 2559 815 2599 cladem
841 2552 1020 2601 Siculam
1055 2562 1136 2602 dux
1167 2561 1302 2601 factus
1333 2567 1409 2613 est,
1438 2564 1558 2616 isque

77 2631 278 2684 populare
308 2631 530 2683 imperium
566 2630 715 2681 tuitus,
753 2644 889 2684 neque
927 2632 969 2672 in
999 2645 1215 2674 numerum
1249 2633 1390 2676 CCCC
1421 2648 1557 2688 neque

80 2696 198 2742 XXX
228 2702 407 2743 virorum
440 2708 634 2756 receptus
666 2710 751 2753 est,
782 2704 857 2743 sed
887 2717 937 2744 eo
968 2703 1058 2758 ipso
1089 2709 1280 2758 tempore
1311 2704 1434 2756 obiit,
1474 2707 1556 2750 vid.

81 2770 226 2824 Lysias
255 2772 346 2817 adv.
376 2773 565 2817 Polioch.
595 2775 644 2816 4:
685 2769 908 2829 Εὐκράτης
939 2771 1110 2826 τοίνυν,
1148 2771 1339 2830 ἀδελφὸς
1379 2777 1459 2830 μὲν
1495 2771 1558 2815 ὠύ
