1716 3164
635 171 968 217 ΛΑΙΛΑΛΟΣ.
1431 175 1542 218 1017

59 304 101 344 p.
129 287 213 330 624
251 287 331 328 28:
379 282 632 342 ‘szve'pua
670 286 873 341 λέγουσιν
910 282 968 337 ὥς
1016 282 1160 341 ἡμεῖς·
1207 282 1544 342 Ἀριστοφάνης

61 353 290 413 Δαιδάλῳ·
338 353 473 397 ἐνιότε
517 356 678 398 πολλαὶ
716 356 805 397 τῶν
843 353 1142 412 ἀλεκτρυόνων
1186 355 1267 415 βίᾳ
1301 353 1543 412 Ὑπηνὲμια

66 424 290 469 τίκτουσιν
319 423 383 484 ᾠὰ
411 423 632 476 πολλάκις.
689 423 885 468 Πλάτων
913 426 959 467 δὲ
990 423 1013 467 ὁ
1045 424 1296 483 φιλόσοφος
1331 426 1378 468 ἐν
1412 426 1541 469 Θεαί-

60 494 176 555 τὴτῳ
213 494 422 552 ἀνεμιαῖα
457 497 534 538 καὶ
574 496 838 552 Μένανδρος
866 495 1114 553 Δακτυλίῳ·
1151 492 1416 552 Ἀνεμιαῖον
1450 497 1542 551 ἐγέ-

59 581 173 611 νετο.
232 571 392 611 Similia
421 569 584 618 Suidas,
617 569 694 609 nisi
728 570 840 621 quod
867 566 1023 608 πολλοὶ
1053 569 1220 621 legitur.
1269 565 1437 608 Ἐνίοτε
1468 582 1542 610 811-

62 645 148 682 tem
173 653 266 681 cum
296 634 504 686 πολλάκις
519 636 682 678 πολλαὶ
712 640 979 680 coniunctum
1010 640 1074 680 vix
1104 639 1206 680 ferri
1226 643 1378 693 potest,
1408 643 1544 681 recte-

62 723 143 763 que
183 712 394 751 Porsonus
436 703 495 749 ἓν
533 707 652 748 ἴστε
698 710 889 750 correxit.
964 711 1019 751 At
1059 710 1206 750 iisdem
1246 710 1313 750 his
1357 711 1544 751 versibus

65 792 165 822 usus
203 785 266 821 est
305 782 428 820 etiam
460 780 579 820 Plato
620 781 663 820 in
701 781 948 833 cognomine
991 780 1155 829 fabula,
1199 781 1280 822 vid.
1321 780 1545 822 scholiasta

62 851 199 892 Nubb.
231 850 335 891 659:
384 846 470 890 Οὐκ
507 843 563 888 ἂν
605 845 747 897 ἄλλως
784 848 954 901 λέγοιτο
994 847 1152 900 τοῦτο,
1190 843 1232 889 εἰ
1264 846 1326 903 μὴ
1366 847 1414 890 ἐν
1443 846 1544 890 ἔθει

62 916 163 960 τότε
190 919 266 962 καὶ
295 917 375 970 τὴν
404 915 597 970 θήλειαν
628 915 895 974 ἀλεκτρυόνα
928 918 1080 972 λέγειν.
1128 920 1268 975 σαφὲς
1298 917 1344 959 δὲ
1374 917 1544 972 γίνεται

62 987 111 1030 ἐν
150 988 212 1046 τῷ
256 985 532 1046 Ἀμφιαράῳ
582 1016 638 1024 --
687 989 763 1030 καὶ
816 987 863 1029 ἐν
919 987 979 1046 τῷ
1024 984 1269 1038 Πλάτωνος
1313 985 1541 1046 Δαιδάλῳ·

59 1054 272 1100 Ἐνὶοτε
313 1058 516 1101 πολλαὶ
556 1057 662 1100 τῶν
705 1054 1102 1114 ἀλεκτρυόνων
1150 1056 1330 1115 (βία)·
1373 1056 1546 1110 ’Υπη-

63 1129 226 1184 νέμια
266 1127 552 1171 τίκτουσιν
595 1126 668 1187 ᾠὰ
711 1125 998 1178 πολλάκις.
1057 1126 1176 1170 Καί·
1217 1125 1276 1171 ‘0
1314 1128 1375 1170 δὲ
1415 1133 1546 1179 παῖς

63 1192 161 1241 ὁ’δ”“
189 1197 354 1241 ἔνδον
391 1199 489 1249 τὰς
524 1195 913 1255 ἀλεκτρυόνας
950 1199 1126 1253 σοβεῖ.
1180 1197 1260 1257 βίᾳ
1297 1202 1341 1242 in
1376 1202 1544 1243 scholiis

64 1272 208 1323 deest,
245 1273 480 1327 legiturque
518 1272 643 1325 vulgo
672 1266 890 1324 ὑπήνεμα.
959 1272 1219 1313 Confirmant
1259 1276 1398 1313 autem
1438 1273 1546 1314 haec

61 1342 186 1395 plane
222 1343 280 1393 id,
311 1343 422 1395 quod
450 1342 632 1396 prodidit
661 1343 881 1392 Clemens,
928 1343 1058 1383 multa
1098 1343 1265 1395 utrique
1302 1343 1547 1385 comoediae

65 1423 160 1453 esse
188 1414 434 1463 communia,
465 1417 508 1453 et
536 1412 716 1453 fortasse
747 1413 871 1453 etiam
901 1412 1049 1452 tertius
1077 1413 1151 1452 ille
1178 1425 1348 1454 versus:

229 1476 288 1521 ‘O
317 1479 364 1521 δὲ
393 1484 498 1531 παῖς
527 1474 599 1522 ὅδ’
630 1478 759 1522 ἔνδον
786 1478 866 1528 τὰς
895 1475 1184 1534 ἀλεκτρυόνας
1215 1480 1346 1534 σοβεῖ

65 1550 110 1592 in
147 1551 435 1605 Aristophanis
472 1553 654 1594 Daedalo
692 1553 923 1606 legebatur.
997 1551 1153 1592 Iniuria
1192 1554 1330 1594 autem
1367 1552 1545 1594 Dindor-

64 1621 146 1662 fius
182 1622 411 1663 Clementis
456 1623 582 1663 fidem
621 1623 786 1663 elevare
833 1626 1033 1670 conatur,
1078 1622 1149 1673 qui
1187 1635 1332 1674 parum
1371 1624 1546 1664 circum-

68 1695 211 1743 specte
241 1693 453 1732 contendit
467 1693 756 1745 Aristophanis
786 1692 1050 1732 scholiastam
1081 1704 1225 1731 errore
1256 1692 1433 1744 quodam
1451 1693 1546 1732 Pla-

68 1762 178 1802 tonis
208 1774 359 1802 nomen
389 1763 604 1815 scripsisse
634 1776 709 1815 pro
740 1762 1031 1815 Aristophanis
1062 1762 1253 1811 nomine,
1287 1763 1545 1814 quandoqui-

70 1830 166 1871 dem
195 1832 369 1872 Photius
411 1837 452 1871 et
483 1833 631 1873 Suidas
661 1832 979 1885 Aristophanem
1018 1832 1233 1871 nominent
1262 1835 1473 1870 auctorem
1503 1835 1546 1871 et

67 1905 286 1954 praeterea
325 1902 508 1943 Platonis
547 1902 784 1955 philosophi
821 1901 1026 1955 quendam
1074 1901 1212 1940 locum
1260 1901 1544 1941 adiunxerinta

70 1969 177 2011 haec
217 1972 475 2012 ratiocinatio
512 1976 601 2011 tum
640 1972 806 2012 demum
837 1971 992 2023 aliquid
1021 1970 1324 2023 probabilitatis
1354 1970 1544 2019 haberet,

38 2080 41 2083 ,
69 2041 107 2081 si
135 2041 357 2082 scholiasta
386 2047 429 2082 et
453 2042 515 2082 illi
529 2041 785 2094 grammatici
810 2041 862 2081 de
888 2041 1035 2080 eadem
1059 2053 1106 2079 re
1124 2040 1396 2092 disputarent,
1424 2039 1482 2080 ita
1499 2043 1548 2079 ut

75 2123 127 2151 ex
142 2112 347 2152 communi
360 2112 477 2152 fonte
493 2112 599 2152 haec
614 2112 809 2164 petivisse
824 2111 955 2151 videri
972 2115 1155 2162 possent.
1187 2110 1241 2150 At
1258 2122 1357 2149 vero
1376 2121 1547 2162 prorsus

73 2179 238 2222 diverso
269 2182 439 2222 consilio
468 2185 640 2223 utuntur
669 2181 916 2222 auctoritate
946 2180 1119 2221 Daedali
1149 2180 1411 2219 comoediae:
1451 2191 1547 2220 nam

74 2249 250 2291 Photius
280 2256 322 2291 et
352 2252 422 2302 qui
450 2251 566 2291 illum
595 2254 643 2291 ut
671 2251 779 2291 solet
808 2250 997 2302 sequitur
1027 2250 1176 2289 Suidas
1203 2249 1440 2289 adscribunt
1467 2248 1548 2288 hoc

6 2360 13 2365 ,
75 2319 365 2371 Aristophanis
395 2320 691 2368 testimonium,
721 2324 769 2358 ut
790 2320 966 2370 probent
997 2318 1120 2357 etiam
1152 2314 1372 2368 ὑπηνέμια
1402 2311 1466 2371 ᾠὰ
1495 2316 1547 2358 ab

77 2387 224 2429 Atticis
269 2388 371 2428 dici:
415 2388 635 2429 scholiasta
677 2391 816 2428 autem
861 2386 1027 2426 eosdem
1073 2370 1218 2425 versus
1266 2399 1318 2428 ex
1362 2385 1547 2426 Platonis

77 2456 261 2498 Daedalo
300 2458 445 2510 petiit,
490 2462 538 2498 ut
572 2452 838 2509 ἀλεκτρυόνα
876 2457 1001 2496 etiam
1038 2456 1230 2508 gallinam
1267 2456 1349 2495 dici
1387 2459 1546 2508 arguat.

77 2526 165 2567 Iam
202 2540 300 2567 vero
339 2527 533 2567 Photium
578 2528 657 2568 ista
704 2540 785 2568 non
822 2531 969 2579 petere
1005 2527 1191 2578 potuisse
1234 2538 1284 2564 ex
1327 2526 1547 2567 scholiasta

77 2597 366 2649 Aristophanis
395 2596 658 2639 manifestum
699 2602 785 2646 est,
822 2596 1047 2651 praecipue
1088 2608 1182 2636 cum
1220 2595 1342 2635 etiam
1371 2595 1545 2636 aliorum

81 2667 332 2720 scriptorum
362 2667 610 2707 testimoniis
639 2671 791 2709 utatur.
852 2669 913 2710 Ac
940 2665 1065 2705 facile
1094 2665 1403 2718 deprehendas,
1433 2664 1545 2706 unde

82 2746 245 2779 omnem
283 2737 396 2778 illam
437 2737 618 2790 glossam
647 2738 820 2781 Photius
860 2736 1146 2791 descripserit:
1190 2736 1400 2789 integrum
1433 2733 1544 2777 enim
