<?xml version="1.0" encoding="UTF-8"?>
<!DOCTYPE html PUBLIC "-//W3C//DTD XHTML 1.0 Transitional//EN"
    "http://www.w3.org/TR/xhtml1/DTD/xhtml1-transitional.dtd">
<html xmlns="http://www.w3.org/1999/xhtml" xml:lang="en" lang="en">
 <head>
  <title>
</title>
<meta http-equiv="Content-Type" content="text/html;charset=utf-8" />
  <meta name='ocr-system' content='tesseract 3.04.00' />
  <meta name='ocr-capabilities' content='ocr_page ocr_carea ocr_par ocr_line ocrx_word'/>
</head>
<body>
  <div class='ocr_page' id='page_1' title='image "./fragmentacomicor02meinuoft_0315.png"; bbox 0 0 1716 3164; ppageno 0'>
   <div class='ocr_carea' id='block_1_1' title="bbox 0 1373 2 1897">
    <p class='ocr_par' dir='ltr' id='par_1_1' title="bbox 0 1373 2 1897">
     <span class='ocr_line' id='line_1_1' title="bbox 0 1373 2 1897; baseline 0 0"><span class='ocrx_word' id='word_1_1' title='bbox 0 1373 2 1897; x_wconf 95' lang='lat' dir='ltr'><strong> </strong></span> 
     </span>
    </p>
   </div>
   <div class='ocr_carea' id='block_1_2' title="bbox 556 159 1528 208">
    <p class='ocr_par' dir='ltr' id='par_1_2' title="bbox 556 159 1528 208">
     <span class='ocr_line' id='line_1_2' title="bbox 556 159 1528 208; baseline -0.007 0"><span class='ocrx_word' id='word_1_2' title='bbox 556 164 1004 208; x_wconf 82' lang='lat' dir='ltr'>ARISTOPHANES.</span> <span class='ocrx_word' id='word_1_3' title='bbox 1436 159 1489 200; x_wconf 88' lang='grc'><strong>91</strong></span> <span class='ocrx_word' id='word_1_4' title='bbox 1501 159 1528 201; x_wconf 82' lang='grc'>3</span> 
     </span>
    </p>
   </div>
   <div class='ocr_carea' id='block_1_3' title="bbox 0 273 1590 2735">
    <p class='ocr_par' dir='ltr' id='par_1_3' title="bbox 0 273 1590 2735">
     <span class='ocr_line' id='line_1_3' title="bbox 46 273 1590 333; baseline -0.009 -6"><span class='ocrx_word' id='word_1_5' title='bbox 46 286 155 328; x_wconf 80' lang='lat' dir='ltr'><strong>disse</strong></span> <span class='ocrx_word' id='word_1_6' title='bbox 185 284 366 324; x_wconf 86' lang='lat' dir='ltr'><strong>constat:</strong></span> <span class='ocrx_word' id='word_1_7' title='bbox 395 280 504 321; x_wconf 87' lang='lat' dir='ltr'><strong>hanc</strong></span> <span class='ocrx_word' id='word_1_8' title='bbox 533 280 661 333; x_wconf 84' lang='lat' dir='ltr'><strong>igitur</strong></span> <span class='ocrx_word' id='word_1_9' title='bbox 690 280 756 330; x_wconf 90' lang='lat' dir='ltr'><strong>(et</strong></span> <span class='ocrx_word' id='word_1_10' title='bbox 785 278 965 319; x_wconf 85' lang='lat' dir='ltr'><strong>fortasse</strong></span> <span class='ocrx_word' id='word_1_11' title='bbox 995 279 1217 330; x_wconf 86' lang='lat' dir='ltr'><strong>praeterea</strong></span> <span class='ocrx_word' id='word_1_12' title='bbox 1251 273 1529 327; x_wconf 85' lang='lat' dir='ltr'><strong>Proagonem,</strong></span> <span class='ocrx_word' id='word_1_13' title='bbox 1578 275 1590 286; x_wconf 80' lang='lat'><em>⁰</em></span> 
     </span>
     <span class='ocr_line' id='line_1_4' title="bbox 45 345 1527 409; baseline -0.009 -12"><span class='ocrx_word' id='word_1_14' title='bbox 45 368 150 409; x_wconf 87' lang='lat' dir='ltr'><strong>quae</strong></span> <span class='ocrx_word' id='word_1_15' title='bbox 185 354 327 394; x_wconf 85' lang='lat' dir='ltr'><strong>fabula</strong></span> <span class='ocrx_word' id='word_1_16' title='bbox 365 352 491 392; x_wconf 90' lang='lat' dir='ltr'><strong>etiam</strong></span> <span class='ocrx_word' id='word_1_17' title='bbox 532 352 575 391; x_wconf 89' lang='lat' dir='ltr'><strong>in</strong></span> <span class='ocrx_word' id='word_1_18' title='bbox 604 349 818 402; x_wconf 82' lang='lat' dir='ltr'>Euripidis</span> <span class='ocrx_word' id='word_1_19' title='bbox 854 352 943 388; x_wconf 89' lang='lat' dir='ltr'><strong>arte</strong></span> <span class='ocrx_word' id='word_1_20' title='bbox 981 347 1228 401; x_wconf 85' lang='lat' dir='ltr'><strong>exagitanda</strong></span> <span class='ocrx_word' id='word_1_21' title='bbox 1270 345 1527 394; x_wconf 83' lang='lat' dir='ltr'><strong>versabatur,</strong></span> 
     </span>
     <span class='ocr_line' id='line_1_5' title="bbox 42 416 1528 480; baseline -0.008 -13"><span class='ocrx_word' id='word_1_22' title='bbox 42 438 231 480; x_wconf 88' lang='lat' dir='ltr'><strong>quaeque</strong></span> <span class='ocrx_word' id='word_1_23' title='bbox 265 429 309 464; x_wconf 92' lang='lat' dir='ltr'><strong>et</strong></span> <span class='ocrx_word' id='word_1_24' title='bbox 340 425 430 475; x_wconf 86' lang='lat' dir='ltr'><strong>ipsa</strong></span> <span class='ocrx_word' id='word_1_25' title='bbox 460 420 690 462; x_wconf 83' lang='lat' dir='ltr'><strong>Philonidis</strong></span> <span class='ocrx_word' id='word_1_26' title='bbox 720 419 886 459; x_wconf 87' lang='lat' dir='ltr'><strong>nomine</strong></span> <span class='ocrx_word' id='word_1_27' title='bbox 919 420 1140 459; x_wconf 89' lang='lat' dir='ltr'><strong>commissa</strong></span> <span class='ocrx_word' id='word_1_28' title='bbox 1170 417 1289 468; x_wconf 89' lang='lat' dir='ltr'><strong>est),</strong></span> <span class='ocrx_word' id='word_1_29' title='bbox 1321 416 1420 468; x_wconf 88' lang='lat' dir='ltr'><strong>quin</strong></span> <span class='ocrx_word' id='word_1_30' title='bbox 1458 427 1528 455; x_wconf 87' lang='lat' dir='ltr'><strong>re-</strong></span> 
     </span>
     <span class='ocr_line' id='line_1_6' title="bbox 40 486 1527 551; baseline -0.008 -14"><span class='ocrx_word' id='word_1_31' title='bbox 40 497 221 551; x_wconf 84' lang='lat' dir='ltr'><strong>spexerit</strong></span> <span class='ocrx_word' id='word_1_32' title='bbox 259 496 333 535; x_wconf 89' lang='lat' dir='ltr'><strong>ille</strong></span> <span class='ocrx_word' id='word_1_33' title='bbox 369 493 678 546; x_wconf 79' lang='lat' dir='ltr'><strong>grammaticus,</strong></span> <span class='ocrx_word' id='word_1_34' title='bbox 716 489 867 529; x_wconf 87' lang='lat' dir='ltr'><strong>nemini</strong></span> <span class='ocrx_word' id='word_1_35' title='bbox 908 490 1066 541; x_wconf 89' lang='lat' dir='ltr'><strong>poterit</strong></span> <span class='ocrx_word' id='word_1_36' title='bbox 1104 489 1186 528; x_wconf 91' lang='lat' dir='ltr'><strong>iam</strong></span> <span class='ocrx_word' id='word_1_37' title='bbox 1218 499 1311 527; x_wconf 88' lang='lat' dir='ltr'><strong>esse</strong></span> <span class='ocrx_word' id='word_1_38' title='bbox 1342 486 1527 526; x_wconf 90' lang='lat' dir='ltr'><strong>dubium.</strong></span> 
     </span>
     <span class='ocr_line' id='line_1_7' title="bbox 42 556 1528 619; baseline -0.009 -10"><span class='ocrx_word' id='word_1_39' title='bbox 42 569 182 619; x_wconf 83' lang='lat' dir='ltr'><strong>Atque</strong></span> <span class='ocrx_word' id='word_1_40' title='bbox 212 566 253 606; x_wconf 93' lang='lat' dir='ltr'><strong>in</strong></span> <span class='ocrx_word' id='word_1_41' title='bbox 272 566 484 606; x_wconf 81' lang='lat' dir='ltr'><strong>Socratem</strong></span> <span class='ocrx_word' id='word_1_42' title='bbox 513 562 690 614; x_wconf 88' lang='lat' dir='ltr'><strong>quidem,</strong></span> <span class='ocrx_word' id='word_1_43' title='bbox 721 560 799 599; x_wconf 90' lang='lat' dir='ltr'><strong>etsi</strong></span> <span class='ocrx_word' id='word_1_44' title='bbox 828 559 946 599; x_wconf 89' lang='lat' dir='ltr'><strong>hunc</strong></span> <span class='ocrx_word' id='word_1_45' title='bbox 969 558 1265 612; x_wconf 89' lang='lat' dir='ltr'><strong>philosophum</strong></span> <span class='ocrx_word' id='word_1_46' title='bbox 1293 556 1393 596; x_wconf 88' lang='lat' dir='ltr'><strong>alias</strong></span> <span class='ocrx_word' id='word_1_47' title='bbox 1424 567 1528 607; x_wconf 86' lang='lat' dir='ltr'><strong>quo-</strong></span> 
     </span>
     <span class='ocr_line' id='line_1_8' title="bbox 43 625 1529 691; baseline -0.008 -13"><span class='ocrx_word' id='word_1_48' title='bbox 43 651 126 691; x_wconf 92' lang='lat' dir='ltr'><strong>que</strong></span> <span class='ocrx_word' id='word_1_49' title='bbox 157 636 278 676; x_wconf 88' lang='lat' dir='ltr'><strong>laesit</strong></span> <span class='ocrx_word' id='word_1_50' title='bbox 308 634 484 674; x_wconf 89' lang='lat' dir='ltr'><strong>comicus</strong></span> <span class='ocrx_word' id='word_1_51' title='bbox 512 636 658 686; x_wconf 89' lang='lat' dir='ltr'><strong>poeta,</strong></span> <span class='ocrx_word' id='word_1_52' title='bbox 694 630 952 684; x_wconf 88' lang='lat' dir='ltr'><strong>potissimum</strong></span> <span class='ocrx_word' id='word_1_53' title='bbox 997 631 1148 682; x_wconf 90' lang='lat' dir='ltr'><strong>scripta</strong></span> <span class='ocrx_word' id='word_1_54' title='bbox 1189 628 1269 669; x_wconf 82' lang='lat' dir='ltr'><strong>fuit</strong></span> <span class='ocrx_word' id='word_1_55' title='bbox 1314 625 1529 666; x_wconf 81' lang='lat' dir='ltr'><strong>comoedia</strong></span> 
     </span>
     <span class='ocr_line' id='line_1_9' title="bbox 41 696 1527 761; baseline -0.009 -12"><span class='ocrx_word' id='word_1_56' title='bbox 41 709 168 761; x_wconf 83' lang='lat' dir='ltr'><strong>longe</strong></span> <span class='ocrx_word' id='word_1_57' title='bbox 198 705 468 747; x_wconf 87' lang='lat' dir='ltr'><strong>famosissima</strong></span> <span class='ocrx_word' id='word_1_58' title='bbox 497 703 653 751; x_wconf 88' lang='lat' dir='ltr'><strong>Nubes,</strong></span> <span class='ocrx_word' id='word_1_59' title='bbox 684 714 789 754; x_wconf 91' lang='lat' dir='ltr'><strong>quae</strong></span> <span class='ocrx_word' id='word_1_60' title='bbox 820 701 942 741; x_wconf 88' lang='lat' dir='ltr'><strong>docta</strong></span> <span class='ocrx_word' id='word_1_61' title='bbox 972 705 1036 742; x_wconf 89' lang='lat' dir='ltr'><strong>est</strong></span> <span class='ocrx_word' id='word_1_62' title='bbox 1069 701 1235 753; x_wconf 81' lang='lat' dir='ltr'><strong>Olymp.</strong></span> <span class='ocrx_word' id='word_1_63' title='bbox 1253 697 1470 738; x_wconf 90' lang='lat' dir='ltr'>LXXXIX</span> <span class='ocrx_word' id='word_1_64' title='bbox 1500 696 1527 736; x_wconf 92' lang='lat'>1</span> 
     </span>
     <span class='ocr_line' id='line_1_10' title="bbox 42 762 1530 824; baseline -0.01 -5"><span class='ocrx_word' id='word_1_65' title='bbox 42 780 158 819; x_wconf 90' lang='lat' dir='ltr'><strong>cuius</strong></span> <span class='ocrx_word' id='word_1_66' title='bbox 195 776 360 817; x_wconf 84' lang='lat' dir='ltr'><strong>fabulae</strong></span> <span class='ocrx_word' id='word_1_67' title='bbox 400 774 506 814; x_wconf 89' lang='lat' dir='ltr'><strong>haec</strong></span> <span class='ocrx_word' id='word_1_68' title='bbox 537 776 600 814; x_wconf 89' lang='lat' dir='ltr'><strong>est</strong></span> <span class='ocrx_word' id='word_1_69' title='bbox 629 773 876 813; x_wconf 79' lang='lat' dir='ltr'><strong>didascalia:</strong></span> <span class='ocrx_word' id='word_1_70' title='bbox 925 770 989 812; x_wconf 87' lang='grc' dir='ltr'><strong>Αἱ</strong></span> <span class='ocrx_word' id='word_1_71' title='bbox 1030 769 1202 824; x_wconf 77' lang='grc' dir='ltr'><em>πρῶται</em></span> <span class='ocrx_word' id='word_1_72' title='bbox 1242 764 1444 822; x_wconf 66' lang='grc' dir='ltr'><em>Νεφέλαι</em></span> <span class='ocrx_word' id='word_1_73' title='bbox 1482 762 1530 805; x_wconf 79' lang='grc' dir='ltr'><em>ἐν</em></span> 
     </span>
     <span class='ocr_line' id='line_1_11' title="bbox 42 833 1531 898; baseline -0.009 -9"><span class='ocrx_word' id='word_1_74' title='bbox 42 844 166 889; x_wconf 78' lang='grc' dir='ltr'><em>ἄστει</em></span> <span class='ocrx_word' id='word_1_75' title='bbox 202 841 512 898; x_wconf 76' lang='grc' dir='ltr'><em>ἐδιδάχθησαν</em></span> <span class='ocrx_word' id='word_1_76' title='bbox 554 840 626 882; x_wconf 78' lang='grc' dir='ltr'><strong>ἐπὶ</strong></span> <span class='ocrx_word' id='word_1_77' title='bbox 666 838 885 896; x_wconf 79' lang='grc' dir='ltr'><em>ἄρχοντος</em></span> <span class='ocrx_word' id='word_1_78' title='bbox 924 838 1150 896; x_wconf 80' lang='grc' dir='ltr'><em>Ἰσάρχου,</em></span> <span class='ocrx_word' id='word_1_79' title='bbox 1195 833 1267 880; x_wconf 78' lang='grc' dir='ltr'><em>ὅτε</em></span> <span class='ocrx_word' id='word_1_80' title='bbox 1304 835 1531 893; x_wconf 80' lang='grc' dir='ltr'><em>Κρατῖνος</em></span> 
     </span>
     <span class='ocr_line' id='line_1_12' title="bbox 38 905 1529 972; baseline -0.008 -13"><span class='ocrx_word' id='word_1_81' title='bbox 38 920 120 972; x_wconf 81' lang='grc' dir='ltr'><em>μὲν</em></span> <span class='ocrx_word' id='word_1_82' title='bbox 147 914 266 957; x_wconf 83' lang='grc' dir='ltr'><em>ἐνίκα</em></span> <span class='ocrx_word' id='word_1_83' title='bbox 295 911 493 971; x_wconf 81' lang='grc' dir='ltr'><em>Πυτίνῃ,</em></span> <span class='ocrx_word' id='word_1_84' title='bbox 526 908 774 968; x_wconf 81' lang='grc' dir='ltr'><em>Ἀμειψίας</em></span> <span class='ocrx_word' id='word_1_85' title='bbox 815 912 862 954; x_wconf 78' lang='grc' dir='ltr'><em>δὲ</em></span> <span class='ocrx_word' id='word_1_86' title='bbox 901 909 1083 969; x_wconf 79' lang='grc' dir='ltr'><em>Κόννῳ·</em></span> <span class='ocrx_word' id='word_1_87' title='bbox 1129 906 1282 966; x_wconf 81' lang='grc' dir='ltr'><em>διόπερ</em></span> <span class='ocrx_word' id='word_1_88' title='bbox 1317 905 1529 964; x_wconf 82' lang='grc' dir='ltr'><em>Ἀριστο-</em></span> 
     </span>
     <span class='ocr_line' id='line_1_13' title="bbox 40 973 1531 1042; baseline -0.007 -15"><span class='ocrx_word' id='word_1_89' title='bbox 40 983 184 1042; x_wconf 80' lang='grc' dir='ltr'><em>φάνης</em></span> <span class='ocrx_word' id='word_1_90' title='bbox 213 984 502 1041; x_wconf 75' lang='grc' dir='ltr'><em>διαρριφθεὶς</em></span> <span class='ocrx_word' id='word_1_91' title='bbox 531 980 793 1039; x_wconf 75' lang='grc' dir='ltr'><em>παραλόγως</em></span> <span class='ocrx_word' id='word_1_92' title='bbox 824 981 961 1041; x_wconf 68' lang='grc' dir='ltr'><strong>ᾠήθη</strong></span> <span class='ocrx_word' id='word_1_93' title='bbox 1003 983 1094 1024; x_wconf 78' lang='grc' dir='ltr'><em>δεῖν</em></span> <span class='ocrx_word' id='word_1_94' title='bbox 1136 975 1411 1030; x_wconf 76' lang='grc' dir='ltr'><em>ἅναδιδάξας</em></span> <span class='ocrx_word' id='word_1_95' title='bbox 1451 973 1531 1025; x_wconf 80' lang='grc' dir='ltr'><strong>τὰς</strong></span> 
     </span>
     <span class='ocr_line' id='line_1_14' title="bbox 40 1049 1529 1113; baseline -0.007 -14"><span class='ocrx_word' id='word_1_96' title='bbox 40 1057 239 1113; x_wconf 76' lang='grc' dir='ltr'><em>δευτέρας</em></span> <span class='ocrx_word' id='word_1_97' title='bbox 278 1053 637 1111; x_wconf 68' lang='grc' dir='ltr'><em>ἀπομέμφεσθαι</em></span> <span class='ocrx_word' id='word_1_98' title='bbox 673 1056 729 1096; x_wconf 82' lang='grc' dir='ltr'><strong>τό</strong></span> <span class='ocrx_word' id='word_1_99' title='bbox 762 1055 974 1112; x_wconf 74' lang='grc' dir='ltr'><em>θέατρον,</em></span> <span class='ocrx_word' id='word_1_100' title='bbox 1046 1058 1162 1108; x_wconf 76' lang='lat' dir='ltr'><strong>Quae</strong></span> <span class='ocrx_word' id='word_1_101' title='bbox 1205 1053 1373 1106; x_wconf 89' lang='lat' dir='ltr'><strong>quidem</strong></span> <span class='ocrx_word' id='word_1_102' title='bbox 1412 1049 1529 1089; x_wconf 90' lang='lat' dir='ltr'><strong>dida-</strong></span> 
     </span>
     <span class='ocr_line' id='line_1_15' title="bbox 39 1122 1531 1182; baseline -0.009 -9"><span class='ocrx_word' id='word_1_103' title='bbox 39 1132 164 1174; x_wconf 85' lang='lat' dir='ltr'><strong>scalia</strong></span> <span class='ocrx_word' id='word_1_104' title='bbox 203 1141 460 1182; x_wconf 87' lang='lat' dir='ltr'><strong>nequaquam</strong></span> <span class='ocrx_word' id='word_1_105' title='bbox 496 1129 655 1182; x_wconf 84' lang='lat' dir='ltr'><strong>arguit,</strong></span> <span class='ocrx_word' id='word_1_106' title='bbox 698 1129 743 1169; x_wconf 88' lang='lat' dir='ltr'><strong>id</strong></span> <span class='ocrx_word' id='word_1_107' title='bbox 782 1129 894 1181; x_wconf 86' lang='lat' dir='ltr'><strong>quod</strong></span> <span class='ocrx_word' id='word_1_108' title='bbox 931 1128 1055 1181; x_wconf 83' lang='lat' dir='ltr'><strong>vulgo</strong></span> <span class='ocrx_word' id='word_1_109' title='bbox 1095 1126 1353 1173; x_wconf 87' lang='lat' dir='ltr'><strong>existimant,</strong></span> <span class='ocrx_word' id='word_1_110' title='bbox 1393 1122 1531 1175; x_wconf 86' lang='lat' dir='ltr'><strong>ipsum</strong></span> 
     </span>
     <span class='ocr_line' id='line_1_16' title="bbox 38 1193 1532 1259; baseline -0.009 -14"><span class='ocrx_word' id='word_1_111' title='bbox 38 1201 358 1255; x_wconf 81' lang='lat' dir='ltr'><strong>Aristophanem</strong></span> <span class='ocrx_word' id='word_1_112' title='bbox 397 1211 472 1239; x_wconf 90' lang='lat' dir='ltr'><strong>suo</strong></span> <span class='ocrx_word' id='word_1_113' title='bbox 520 1200 686 1259; x_wconf 76' lang='lat' dir='ltr'><strong>nomine</strong></span> <span class='ocrx_word' id='word_1_114' title='bbox 726 1200 835 1240; x_wconf 89' lang='lat' dir='ltr'><strong>hanc</strong></span> <span class='ocrx_word' id='word_1_115' title='bbox 874 1199 1131 1240; x_wconf 87' lang='lat' dir='ltr'><strong>comoediam</strong></span> <span class='ocrx_word' id='word_1_116' title='bbox 1186 1193 1398 1243; x_wconf 82' lang='lat' dir='ltr'><strong>docuisse,</strong></span> <span class='ocrx_word' id='word_1_117' title='bbox 1446 1204 1532 1232; x_wconf 85' lang='lat' dir='ltr'><strong>nou</strong></span> 
     </span>
     <span class='ocr_line' id='line_1_17' title="bbox 0 1261 1533 1331; baseline -0.01 -16"><span class='ocrx_word' id='word_1_118' title='bbox 0 1312 2 1331; x_wconf 73' lang='lat'>;</span> <span class='ocrx_word' id='word_1_119' title='bbox 41 1274 178 1327; x_wconf 83' lang='lat' dir='ltr'><strong>magis</strong></span> <span class='ocrx_word' id='word_1_120' title='bbox 207 1284 328 1325; x_wconf 89' lang='lat' dir='ltr'><strong>quam</strong></span> <span class='ocrx_word' id='word_1_121' title='bbox 357 1271 450 1320; x_wconf 85' lang='lat' dir='ltr'><strong>illa,</strong></span> <span class='ocrx_word' id='word_1_122' title='bbox 488 1282 599 1323; x_wconf 90' lang='lat' dir='ltr'><strong>quae</strong></span> <span class='ocrx_word' id='word_1_123' title='bbox 628 1270 739 1311; x_wconf 86' lang='lat' dir='ltr'><strong>infra</strong></span> <span class='ocrx_word' id='word_1_124' title='bbox 766 1271 963 1324; x_wconf 81' lang='lat' dir='ltr'><strong>leguntur</strong></span> <span class='ocrx_word' id='word_1_125' title='bbox 992 1270 1172 1311; x_wconf 87' lang='lat' dir='ltr'><strong>ibidem:</strong></span> <span class='ocrx_word' id='word_1_126' title='bbox 1210 1261 1293 1315; x_wconf 73' lang='grc' dir='ltr'><em>τὴν</em></span> <span class='ocrx_word' id='word_1_127' title='bbox 1334 1265 1415 1318; x_wconf 80' lang='grc' dir='ltr'><em>μὲν</em></span> <span class='ocrx_word' id='word_1_128' title='bbox 1451 1276 1533 1302; x_wconf 90' lang='grc' dir='ltr'><strong>κω-</strong></span> 
     </span>
     <span class='ocr_line' id='line_1_18' title="bbox 0 1335 1528 1399; baseline -0.005 -18"><span class='ocrx_word' id='word_1_129' title='bbox 0 1335 1 1342; x_wconf 43' lang='grc'><strong>“</strong></span> <span class='ocrx_word' id='word_1_130' title='bbox 37 1338 212 1399; x_wconf 76' lang='grc' dir='ltr'><em>μῳδίαν</em></span> <span class='ocrx_word' id='word_1_131' title='bbox 252 1339 424 1390; x_wconf 76' lang='grc' dir='ltr'><em>καθῆκε</em></span> <span class='ocrx_word' id='word_1_132' title='bbox 468 1337 582 1380; x_wconf 84' lang='grc' dir='ltr'><em>κατὰ</em></span> <span class='ocrx_word' id='word_1_133' title='bbox 611 1337 873 1394; x_wconf 80' lang='grc' dir='ltr'><em>Σωκράτους</em></span> <span class='ocrx_word' id='word_1_134' title='bbox 902 1339 992 1382; x_wconf 86' lang='grc' dir='ltr'><em>κτλ.</em></span> <span class='ocrx_word' id='word_1_135' title='bbox 1060 1345 1131 1381; x_wconf 89' lang='lat' dir='ltr'><strong>aut</strong></span> <span class='ocrx_word' id='word_1_136' title='bbox 1168 1339 1238 1379; x_wconf 84' lang='lat' dir='ltr'><strong>alii</strong></span> <span class='ocrx_word' id='word_1_137' title='bbox 1277 1335 1380 1385; x_wconf 85' lang='lat' dir='ltr'><strong>loci,</strong></span> <span class='ocrx_word' id='word_1_138' title='bbox 1421 1345 1528 1386; x_wconf 80' lang='lat' dir='ltr'><strong>quos</strong></span> 
     </span>
     <span class='ocr_line' id='line_1_19' title="bbox 0 1403 1530 1466; baseline -0.007 -11"><span class='ocrx_word' id='word_1_139' title='bbox 0 1403 1 1460; x_wconf 45' lang='lat' dir='ltr'>s</span> <span class='ocrx_word' id='word_1_140' title='bbox 38 1414 212 1455; x_wconf 82' lang='lat' dir='ltr'><strong>forsitan</strong></span> <span class='ocrx_word' id='word_1_141' title='bbox 244 1413 335 1466; x_wconf 86' lang='lat' dir='ltr'><strong>quis</strong></span> <span class='ocrx_word' id='word_1_142' title='bbox 366 1415 564 1466; x_wconf 86' lang='lat' dir='ltr'><strong>congerat</strong></span> <span class='ocrx_word' id='word_1_143' title='bbox 596 1412 648 1453; x_wconf 86' lang='lat' dir='ltr'><strong>ad</strong></span> <span class='ocrx_word' id='word_1_144' title='bbox 691 1413 904 1466; x_wconf 85' lang='lat' dir='ltr'><strong>vulgarem</strong></span> <span class='ocrx_word' id='word_1_145' title='bbox 942 1412 1057 1453; x_wconf 89' lang='lat' dir='ltr'><strong>illam</strong></span> <span class='ocrx_word' id='word_1_146' title='bbox 1087 1409 1329 1463; x_wconf 90' lang='lat' dir='ltr'><strong>opinionem</strong></span> <span class='ocrx_word' id='word_1_147' title='bbox 1355 1407 1530 1445; x_wconf 81' lang='lat' dir='ltr'><strong>firmau-</strong></span> 
     </span>
     <span class='ocr_line' id='line_1_20' title="bbox 38 1479 1533 1537; baseline -0.007 -12"><span class='ocrx_word' id='word_1_148' title='bbox 38 1485 147 1525; x_wconf 87' lang='lat' dir='ltr'><strong>dam.</strong></span> <span class='ocrx_word' id='word_1_149' title='bbox 218 1484 332 1525; x_wconf 87' lang='lat' dir='ltr'><strong>Nihil</strong></span> <span class='ocrx_word' id='word_1_150' title='bbox 362 1484 471 1524; x_wconf 89' lang='lat' dir='ltr'><strong>enim</strong></span> <span class='ocrx_word' id='word_1_151' title='bbox 507 1484 648 1524; x_wconf 90' lang='lat' dir='ltr'><strong>idonei</strong></span> <span class='ocrx_word' id='word_1_152' title='bbox 678 1484 919 1537; x_wconf 85' lang='lat' dir='ltr'><strong>argumenti</strong></span> <span class='ocrx_word' id='word_1_153' title='bbox 951 1483 1003 1523; x_wconf 93' lang='lat' dir='ltr'><strong>ad</strong></span> <span class='ocrx_word' id='word_1_154' title='bbox 1034 1483 1149 1523; x_wconf 88' lang='lat' dir='ltr'><strong>illam</strong></span> <span class='ocrx_word' id='word_1_155' title='bbox 1179 1479 1420 1533; x_wconf 88' lang='lat' dir='ltr'><strong>opinionem</strong></span> <span class='ocrx_word' id='word_1_156' title='bbox 1449 1480 1533 1516; x_wconf 88' lang='lat' dir='ltr'><strong>sta-</strong></span> 
     </span>
     <span class='ocr_line' id='line_1_21' title="bbox 38 1545 1531 1608; baseline -0.008 -12"><span class='ocrx_word' id='word_1_157' title='bbox 38 1556 268 1597; x_wconf 90' lang='lat' dir='ltr'><strong>biliendam</strong></span> <span class='ocrx_word' id='word_1_158' title='bbox 298 1560 418 1608; x_wconf 84' lang='lat' dir='ltr'><strong>petas</strong></span> <span class='ocrx_word' id='word_1_159' title='bbox 449 1567 498 1594; x_wconf 83' lang='lat' dir='ltr'><strong>ex</strong></span> <span class='ocrx_word' id='word_1_160' title='bbox 528 1555 751 1596; x_wconf 86' lang='lat' dir='ltr'><strong>scholiasta</strong></span> <span class='ocrx_word' id='word_1_161' title='bbox 781 1556 890 1596; x_wconf 89' lang='lat' dir='ltr'><strong>Nub.</strong></span> <span class='ocrx_word' id='word_1_162' title='bbox 921 1569 959 1595; x_wconf 87' lang='lat' dir='ltr'><strong>v.</strong></span> <span class='ocrx_word' id='word_1_163' title='bbox 992 1554 1101 1594; x_wconf 82' lang='lat'>526:</span> <span class='ocrx_word' id='word_1_164' title='bbox 1138 1545 1261 1591; x_wconf 79' lang='grc' dir='ltr'><em>οὔπω</em></span> <span class='ocrx_word' id='word_1_165' title='bbox 1290 1546 1531 1601; x_wconf 81' lang='grc' dir='ltr'><em>ἐπέτρεπον</em></span> 
     </span>
     <span class='ocr_line' id='line_1_22' title="bbox 42 1613 1526 1681; baseline -0.005 -16"><span class='ocrx_word' id='word_1_166' title='bbox 42 1623 219 1681; x_wconf 75' lang='grc' dir='ltr'><em>ἐμαυτῷ</em></span> <span class='ocrx_word' id='word_1_167' title='bbox 248 1624 388 1677; x_wconf 78' lang='grc' dir='ltr'><em>λέγειν</em></span> <span class='ocrx_word' id='word_1_168' title='bbox 418 1621 493 1663; x_wconf 85' lang='grc' dir='ltr'><strong>διὰ</strong></span> <span class='ocrx_word' id='word_1_169' title='bbox 524 1623 604 1674; x_wconf 85' lang='grc' dir='ltr'><em>τὴν</em></span> <span class='ocrx_word' id='word_1_170' title='bbox 634 1620 766 1665; x_wconf 78' lang='grc' dir='ltr'><em>αἰδῶ·</em></span> <span class='ocrx_word' id='word_1_171' title='bbox 820 1622 870 1665; x_wconf 77' lang='grc' dir='ltr'><strong>οὐ</strong></span> <span class='ocrx_word' id='word_1_172' title='bbox 911 1622 994 1679; x_wconf 75' lang='grc' dir='ltr'><strong>γὰρ</strong></span> <span class='ocrx_word' id='word_1_173' title='bbox 1027 1619 1094 1663; x_wconf 80' lang='grc' dir='ltr'><strong>δι’</strong></span> <span class='ocrx_word' id='word_1_174' title='bbox 1128 1617 1287 1661; x_wconf 73' lang='grc' dir='ltr'><em>ἑαυτοῦ</em></span> <span class='ocrx_word' id='word_1_175' title='bbox 1312 1616 1357 1670; x_wconf 78' lang='grc' dir='ltr'><strong>ἐξ</strong></span> <span class='ocrx_word' id='word_1_176' title='bbox 1387 1613 1526 1673; x_wconf 77' lang='grc' dir='ltr'><em>ἀρχῆς</em></span> 
     </span>
     <span class='ocr_line' id='line_1_23' title="bbox 40 1682 1530 1749; baseline -0.007 -13"><span class='ocrx_word' id='word_1_177' title='bbox 40 1693 214 1745; x_wconf 81' lang='grc' dir='ltr'><em>καθ-ἧκε</em></span> <span class='ocrx_word' id='word_1_178' title='bbox 246 1693 300 1735; x_wconf 85' lang='grc' dir='ltr'><strong>τὰ</strong></span> <span class='ocrx_word' id='word_1_179' title='bbox 329 1689 539 1749; x_wconf 81' lang='grc' dir='ltr'><em>δράματα</em></span> <span class='ocrx_word' id='word_1_180' title='bbox 570 1691 594 1734; x_wconf 88' lang='grc' dir='ltr'>ὁ</span> <span class='ocrx_word' id='word_1_181' title='bbox 624 1691 811 1746; x_wconf 82' lang='grc' dir='ltr'><em>ποιητής</em></span> <span class='ocrx_word' id='word_1_182' title='bbox 831 1730 840 1747; x_wconf 86' lang='grc'>,</span> <span class='ocrx_word' id='word_1_183' title='bbox 880 1692 1069 1748; x_wconf 66' lang='grc' dir='ltr'><em>εὐλαβὴς</em></span> <span class='ocrx_word' id='word_1_184' title='bbox 1100 1689 1279 1749; x_wconf 73' lang='grc' dir='ltr'><em>σφόδρα</em></span> <span class='ocrx_word' id='word_1_185' title='bbox 1308 1685 1395 1740; x_wconf 67' lang='grc' dir='ltr'><em>ὦν,</em></span> <span class='ocrx_word' id='word_1_186' title='bbox 1435 1682 1530 1728; x_wconf 82' lang='grc' dir='ltr'><strong>ἀπὸ</strong></span> 
     </span>
     <span class='ocr_line' id='line_1_24' title="bbox 41 1759 1536 1820; baseline -0.005 -14"><span class='ocrx_word' id='word_1_187' title='bbox 41 1764 89 1806; x_wconf 75' lang='grc' dir='ltr'><em>δὲ</em></span> <span class='ocrx_word' id='word_1_188' title='bbox 119 1765 205 1806; x_wconf 81' lang='grc' dir='ltr'><em>τῶν</em></span> <span class='ocrx_word' id='word_1_189' title='bbox 229 1761 421 1805; x_wconf 81' lang='grc' dir='ltr'><em>Ἱππέων</em></span> <span class='ocrx_word' id='word_1_190' title='bbox 450 1760 614 1820; x_wconf 79' lang='grc' dir='ltr'><em>ἤρξατο</em></span> <span class='ocrx_word' id='word_1_191' title='bbox 653 1763 721 1806; x_wconf 85' lang='grc' dir='ltr'><strong>δι’</strong></span> <span class='ocrx_word' id='word_1_192' title='bbox 750 1763 912 1806; x_wconf 74' lang='grc' dir='ltr'><em>ἑαυτοῦ</em></span> <span class='ocrx_word' id='word_1_193' title='bbox 941 1761 1138 1806; x_wconf 77' lang='grc' dir='ltr'><em>εἰσιέναι.</em></span> <span class='ocrx_word' id='word_1_194' title='bbox 1205 1765 1397 1814; x_wconf 88' lang='lat' dir='ltr'><strong>Namque</strong></span> <span class='ocrx_word' id='word_1_195' title='bbox 1428 1759 1536 1800; x_wconf 87' lang='lat' dir='ltr'><strong>nihil</strong></span> 
     </span>
     <span class='ocr_line' id='line_1_25' title="bbox 40 1832 1537 1891; baseline -0.005 -13"><span class='ocrx_word' id='word_1_196' title='bbox 40 1837 154 1878; x_wconf 89' lang='lat' dir='ltr'><strong>aliud</strong></span> <span class='ocrx_word' id='word_1_197' title='bbox 205 1838 304 1878; x_wconf 88' lang='lat' dir='ltr'><strong>dicit</strong></span> <span class='ocrx_word' id='word_1_198' title='bbox 349 1838 589 1887; x_wconf 84' lang='lat' dir='ltr'><strong>scholiasta,</strong></span> <span class='ocrx_word' id='word_1_199' title='bbox 635 1850 756 1890; x_wconf 90' lang='lat' dir='ltr'><strong>quam</strong></span> <span class='ocrx_word' id='word_1_200' title='bbox 819 1839 1138 1891; x_wconf 85' lang='lat' dir='ltr'><strong>Aristophanem</strong></span> <span class='ocrx_word' id='word_1_201' title='bbox 1183 1835 1361 1889; x_wconf 89' lang='lat' dir='ltr'><strong>primum</strong></span> <span class='ocrx_word' id='word_1_202' title='bbox 1400 1832 1537 1884; x_wconf 89' lang='lat' dir='ltr'><strong>ipsum</strong></span> 
     </span>
     <span class='ocr_line' id='line_1_26' title="bbox 41 1908 1538 1961; baseline -0.004 -13"><span class='ocrx_word' id='word_1_203' title='bbox 41 1908 230 1949; x_wconf 88' lang='lat' dir='ltr'><strong>docuisse</strong></span> <span class='ocrx_word' id='word_1_204' title='bbox 273 1909 469 1961; x_wconf 83' lang='lat' dir='ltr'><strong>Equites:</strong></span> <span class='ocrx_word' id='word_1_205' title='bbox 507 1910 589 1949; x_wconf 86' lang='lat' dir='ltr'><strong>iam</strong></span> <span class='ocrx_word' id='word_1_206' title='bbox 640 1922 734 1949; x_wconf 92' lang='lat' dir='ltr'><strong>cum</strong></span> <span class='ocrx_word' id='word_1_207' title='bbox 775 1909 999 1949; x_wconf 87' lang='lat' dir='ltr'><strong>viderimus</strong></span> <span class='ocrx_word' id='word_1_208' title='bbox 1038 1908 1162 1947; x_wconf 88' lang='lat' dir='ltr'><strong>etiam</strong></span> <span class='ocrx_word' id='word_1_209' title='bbox 1205 1910 1351 1959; x_wconf 88' lang='lat' dir='ltr'><strong>postea</strong></span> <span class='ocrx_word' id='word_1_210' title='bbox 1391 1915 1538 1956; x_wconf 85' lang='lat' dir='ltr'><strong>saepe-</strong></span> 
     </span>
     <span class='ocr_line' id='line_1_27' title="bbox 38 1973 1538 2032; baseline -0.005 -13"><span class='ocrx_word' id='word_1_211' title='bbox 38 1987 218 2020; x_wconf 82' lang='lat' dir='ltr'><strong>numero</strong></span> <span class='ocrx_word' id='word_1_212' title='bbox 250 1991 346 2019; x_wconf 89' lang='lat' dir='ltr'><strong>eum</strong></span> <span class='ocrx_word' id='word_1_213' title='bbox 380 1980 605 2020; x_wconf 83' lang='lat' dir='ltr'><strong>Callistrati</strong></span> <span class='ocrx_word' id='word_1_214' title='bbox 626 1985 668 2020; x_wconf 91' lang='lat' dir='ltr'><strong>et</strong></span> <span class='ocrx_word' id='word_1_215' title='bbox 692 1980 924 2019; x_wconf 87' lang='lat' dir='ltr'><strong>Philonidis</strong></span> <span class='ocrx_word' id='word_1_216' title='bbox 945 1992 1072 2032; x_wconf 90' lang='lat' dir='ltr'><strong>opera</strong></span> <span class='ocrx_word' id='word_1_217' title='bbox 1101 1978 1142 2018; x_wconf 90' lang='lat' dir='ltr'><strong>in</strong></span> <span class='ocrx_word' id='word_1_218' title='bbox 1170 1977 1307 2017; x_wconf 88' lang='lat' dir='ltr'><strong>choris</strong></span> <span class='ocrx_word' id='word_1_219' title='bbox 1336 1973 1538 2015; x_wconf 74' lang='lat' dir='ltr'><strong>docendi·</strong></span> 
     </span>
     <span class='ocr_line' id='line_1_28' title="bbox 40 2049 1537 2105; baseline -0.003 -17"><span class='ocrx_word' id='word_1_220' title='bbox 40 2061 166 2090; x_wconf 85' lang='lat' dir='ltr'><strong>usum</strong></span> <span class='ocrx_word' id='word_1_221' title='bbox 197 2062 311 2098; x_wconf 86' lang='lat' dir='ltr'><strong>esse,</strong></span> <span class='ocrx_word' id='word_1_222' title='bbox 359 2050 465 2090; x_wconf 87' lang='lat' dir='ltr'><strong>nihil</strong></span> <span class='ocrx_word' id='word_1_223' title='bbox 495 2050 576 2091; x_wconf 90' lang='lat' dir='ltr'><strong>hoc</strong></span> <span class='ocrx_word' id='word_1_224' title='bbox 605 2056 766 2105; x_wconf 87' lang='lat' dir='ltr'><strong>spectat</strong></span> <span class='ocrx_word' id='word_1_225' title='bbox 795 2051 848 2090; x_wconf 88' lang='lat' dir='ltr'><strong>ad</strong></span> <span class='ocrx_word' id='word_1_226' title='bbox 878 2050 1035 2090; x_wconf 81' lang='lat' dir='ltr'><strong>Nubes.</strong></span> <span class='ocrx_word' id='word_1_227' title='bbox 1102 2051 1157 2090; x_wconf 90' lang='lat' dir='ltr'><strong>At</strong></span> <span class='ocrx_word' id='word_1_228' title='bbox 1195 2060 1330 2088; x_wconf 91' lang='lat' dir='ltr'><strong>meam</strong></span> <span class='ocrx_word' id='word_1_229' title='bbox 1364 2049 1537 2086; x_wconf 88' lang='lat' dir='ltr'><strong>senten-</strong></span> 
     </span>
     <span class='ocr_line' id='line_1_29' title="bbox 43 2116 1537 2173; baseline -0.003 -14"><span class='ocrx_word' id='word_1_230' title='bbox 43 2120 147 2160; x_wconf 83' lang='lat' dir='ltr'><strong>tiam</strong></span> <span class='ocrx_word' id='word_1_231' title='bbox 188 2132 359 2173; x_wconf 84' lang='lat' dir='ltr'><strong>prorsus</strong></span> <span class='ocrx_word' id='word_1_232' title='bbox 398 2120 584 2162; x_wconf 83' lang='lat' dir='ltr'><strong>refutare</strong></span> <span class='ocrx_word' id='word_1_233' title='bbox 634 2123 799 2162; x_wconf 88' lang='lat' dir='ltr'><strong>videtur</strong></span> <span class='ocrx_word' id='word_1_234' title='bbox 846 2121 1071 2162; x_wconf 87' lang='lat' dir='ltr'><strong>scholiasta</strong></span> <span class='ocrx_word' id='word_1_235' title='bbox 1111 2120 1269 2161; x_wconf 89' lang='lat' dir='ltr'><strong>Victor.</strong></span> <span class='ocrx_word' id='word_1_236' title='bbox 1308 2117 1361 2157; x_wconf 89' lang='lat' dir='ltr'><strong>ad</strong></span> <span class='ocrx_word' id='word_1_237' title='bbox 1399 2116 1537 2156; x_wconf 90' lang='lat' dir='ltr'><strong>Nubb.</strong></span> 
     </span>
     <span class='ocr_line' id='line_1_30' title="bbox 43 2182 1539 2243; baseline -0.005 -14"><span class='ocrx_word' id='word_1_238' title='bbox 43 2203 83 2231; x_wconf 85' lang='lat' dir='ltr'><strong>v.</strong></span> <span class='ocrx_word' id='word_1_239' title='bbox 115 2190 223 2230; x_wconf 76' lang='lat'>502:</span> <span class='ocrx_word' id='word_1_240' title='bbox 261 2186 454 2243; x_wconf 80' lang='grc' dir='ltr'><em>Ἐπιβὰς</em></span> <span class='ocrx_word' id='word_1_241' title='bbox 485 2190 531 2231; x_wconf 79' lang='grc' dir='ltr'><em>δὲ</em></span> <span class='ocrx_word' id='word_1_242' title='bbox 559 2187 648 2242; x_wconf 80' lang='grc' dir='ltr'><em>ἤδη</em></span> <span class='ocrx_word' id='word_1_243' title='bbox 679 2190 758 2231; x_wconf 86' lang='grc' dir='ltr'><strong>τοῦ</strong></span> <span class='ocrx_word' id='word_1_244' title='bbox 787 2186 823 2231; x_wconf 85' lang='grc' dir='ltr'><strong>λ’</strong></span> <span class='ocrx_word' id='word_1_245' title='bbox 856 2188 980 2238; x_wconf 85' lang='grc' dir='ltr'><em>ἔτους</em></span> <span class='ocrx_word' id='word_1_246' title='bbox 1009 2189 1085 2230; x_wconf 87' lang='grc' dir='ltr'><em>καὶ</em></span> <span class='ocrx_word' id='word_1_247' title='bbox 1116 2186 1253 2228; x_wconf 81' lang='grc' dir='ltr'><em>τοῦτο</em></span> <span class='ocrx_word' id='word_1_248' title='bbox 1285 2184 1340 2235; x_wconf 80' lang='grc' dir='ltr'><em>δὴ</em></span> <span class='ocrx_word' id='word_1_249' title='bbox 1370 2182 1421 2224; x_wconf 87' lang='grc' dir='ltr'><strong>τὸ</strong></span> <span class='ocrx_word' id='word_1_250' title='bbox 1450 2182 1539 2223; x_wconf 77' lang='grc' dir='ltr'><em>τῶν</em></span> 
     </span>
     <span class='ocr_line' id='line_1_31' title="bbox 47 2251 1543 2311; baseline -0.003 -14"><span class='ocrx_word' id='word_1_251' title='bbox 47 2258 259 2311; x_wconf 78' lang='grc' dir='ltr'><em>Νεφελῶν</em></span> <span class='ocrx_word' id='word_1_252' title='bbox 290 2257 480 2309; x_wconf 80' lang='grc' dir='ltr'><em>ποιήσας</em></span> <span class='ocrx_word' id='word_1_253' title='bbox 513 2258 583 2300; x_wconf 81' lang='grc' dir='ltr'><strong>δι’</strong></span> <span class='ocrx_word' id='word_1_254' title='bbox 614 2258 774 2300; x_wconf 78' lang='grc' dir='ltr'><em>ἑαυτοῦ</em></span> <span class='ocrx_word' id='word_1_255' title='bbox 803 2257 1002 2300; x_wconf 82' lang='grc' dir='ltr'><em>διδάσκει</em></span> <span class='ocrx_word' id='word_1_256' title='bbox 1039 2259 1117 2299; x_wconf 82' lang='grc' dir='ltr'><em>καὶ</em></span> <span class='ocrx_word' id='word_1_257' title='bbox 1155 2252 1277 2298; x_wconf 81' lang='grc' dir='ltr'><em>αἰτεῖ</em></span> <span class='ocrx_word' id='word_1_258' title='bbox 1302 2251 1424 2309; x_wconf 82' lang='grc' dir='ltr'><em>παρὰ</em></span> <span class='ocrx_word' id='word_1_259' title='bbox 1454 2251 1543 2293; x_wconf 78' lang='grc' dir='ltr'><em>τῶν</em></span> 
     </span>
     <span class='ocr_line' id='line_1_32' title="bbox 51 2320 1541 2385; baseline -0.003 -18"><span class='ocrx_word' id='word_1_260' title='bbox 51 2327 232 2370; x_wconf 76' lang='grc' dir='ltr'><em>θεατῶν</em></span> <span class='ocrx_word' id='word_1_261' title='bbox 271 2323 303 2367; x_wconf 66' lang='grc' dir='ltr'><strong>οἳ</strong></span> <span class='ocrx_word' id='word_1_262' title='bbox 340 2330 411 2369; x_wconf 81' lang='grc' dir='ltr'><strong>δεῖ</strong></span> <span class='ocrx_word' id='word_1_263' title='bbox 448 2329 662 2381; x_wconf 75' lang='grc' dir='ltr'><em>γενέσθαι</em></span> <span class='ocrx_word' id='word_1_264' title='bbox 699 2328 838 2385; x_wconf 63' lang='grc' dir='ltr'><em>αὐτῷ,</em></span> <span class='ocrx_word' id='word_1_265' title='bbox 883 2326 983 2378; x_wconf 76' lang='grc' dir='ltr'><em>ἤτοι</em></span> <span class='ocrx_word' id='word_1_266' title='bbox 1014 2327 1064 2368; x_wconf 83' lang='grc' dir='ltr'><strong>τό</strong></span> <span class='ocrx_word' id='word_1_267' title='bbox 1105 2326 1288 2377; x_wconf 78' lang='grc' dir='ltr'><em>νικῆσαι</em></span> <span class='ocrx_word' id='word_1_268' title='bbox 1330 2323 1390 2382; x_wconf 77' lang='grc' dir='ltr'><strong>τῷ</strong></span> <span class='ocrx_word' id='word_1_269' title='bbox 1431 2320 1541 2379; x_wconf 80' lang='grc' dir='ltr'><em>δρά-</em></span> 
     </span>
     <span class='ocr_line' id='line_1_33' title="bbox 46 2397 1534 2453; baseline -0.002 -15"><span class='ocrx_word' id='word_1_270' title='bbox 46 2410 169 2452; x_wconf 85' lang='grc' dir='ltr'><em>ματι.</em></span> <span class='ocrx_word' id='word_1_271' title='bbox 237 2400 292 2440; x_wconf 89' lang='lat' dir='ltr'><strong>At</strong></span> <span class='ocrx_word' id='word_1_272' title='bbox 331 2404 482 2441; x_wconf 89' lang='lat' dir='ltr'><strong>auctor</strong></span> <span class='ocrx_word' id='word_1_273' title='bbox 525 2401 637 2442; x_wconf 84' lang='lat' dir='ltr'><strong>illius</strong></span> <span class='ocrx_word' id='word_1_274' title='bbox 679 2401 827 2440; x_wconf 85' lang='lat' dir='ltr'><strong>scholii</strong></span> <span class='ocrx_word' id='word_1_275' title='bbox 861 2401 987 2453; x_wconf 84' lang='lat' dir='ltr'><strong>longe</strong></span> <span class='ocrx_word' id='word_1_276' title='bbox 1028 2398 1364 2452; x_wconf 85' lang='lat' dir='ltr'><strong>imperitissimus</strong></span> <span class='ocrx_word' id='word_1_277' title='bbox 1392 2397 1534 2446; x_wconf 91' lang='lat' dir='ltr'><strong>homo,</strong></span> 
     </span>
     <span class='ocr_line' id='line_1_34' title="bbox 45 2466 1537 2524; baseline -0.001 -16"><span class='ocrx_word' id='word_1_278' title='bbox 45 2469 117 2521; x_wconf 86' lang='lat' dir='ltr'><strong>qui</strong></span> <span class='ocrx_word' id='word_1_279' title='bbox 152 2469 288 2521; x_wconf 85' lang='lat' dir='ltr'><strong>legem</strong></span> <span class='ocrx_word' id='word_1_280' title='bbox 330 2470 443 2511; x_wconf 89' lang='lat' dir='ltr'><strong>illam</strong></span> <span class='ocrx_word' id='word_1_281' title='bbox 483 2472 813 2512; x_wconf 89' lang='lat' dir='ltr'><strong>commenticiam</strong></span> <span class='ocrx_word' id='word_1_282' title='bbox 849 2472 902 2511; x_wconf 89' lang='lat' dir='ltr'><strong>de</strong></span> <span class='ocrx_word' id='word_1_283' title='bbox 941 2477 1159 2524; x_wconf 86' lang='lat' dir='ltr'><strong>poetarum</strong></span> <span class='ocrx_word' id='word_1_284' title='bbox 1200 2473 1338 2509; x_wconf 88' lang='lat' dir='ltr'><strong>aetate</strong></span> <span class='ocrx_word' id='word_1_285' title='bbox 1379 2466 1537 2507; x_wconf 86' lang='lat' dir='ltr'><strong>descri-</strong></span> 
     </span>
     <span class='ocr_line' id='line_1_35' title="bbox 44 2538 1542 2594; baseline -0.001 -14"><span class='ocrx_word' id='word_1_286' title='bbox 44 2539 180 2580; x_wconf 83' lang='lat' dir='ltr'><strong>benda</strong></span> <span class='ocrx_word' id='word_1_287' title='bbox 210 2544 381 2593; x_wconf 88' lang='lat' dir='ltr'><strong>crepet,</strong></span> <span class='ocrx_word' id='word_1_288' title='bbox 423 2542 493 2594; x_wconf 92' lang='lat' dir='ltr'><strong>qui</strong></span> <span class='ocrx_word' id='word_1_289' title='bbox 523 2542 690 2584; x_wconf 85' lang='lat' dir='ltr'><strong>recitari</strong></span> <span class='ocrx_word' id='word_1_290' title='bbox 721 2542 883 2585; x_wconf 82' lang='lat' dir='ltr'><strong>fabulas</strong></span> <span class='ocrx_word' id='word_1_291' title='bbox 914 2543 1046 2592; x_wconf 89' lang='lat' dir='ltr'><strong>dicat,</strong></span> <span class='ocrx_word' id='word_1_292' title='bbox 1088 2541 1158 2593; x_wconf 90' lang='lat' dir='ltr'><strong>qui</strong></span> <span class='ocrx_word' id='word_1_293' title='bbox 1198 2541 1302 2580; x_wconf 88' lang='lat' dir='ltr'><strong>nihil</strong></span> <span class='ocrx_word' id='word_1_294' title='bbox 1338 2538 1542 2578; x_wconf 86' lang='lat' dir='ltr'><strong>audiverit</strong></span> 
     </span>
     <span class='ocr_line' id='line_1_36' title="bbox 52 2608 1539 2665; baseline 0.001 -17"><span class='ocrx_word' id='word_1_295' title='bbox 52 2608 106 2648; x_wconf 81' lang='lat' dir='ltr'><strong>dc</strong></span> <span class='ocrx_word' id='word_1_296' title='bbox 135 2609 315 2650; x_wconf 87' lang='lat' dir='ltr'><strong>Nubium</strong></span> <span class='ocrx_word' id='word_1_297' title='bbox 350 2611 480 2652; x_wconf 85' lang='lat' dir='ltr'><strong>altera</strong></span> <span class='ocrx_word' id='word_1_298' title='bbox 508 2613 754 2654; x_wconf 87' lang='lat' dir='ltr'><strong>recensione</strong></span> <span class='ocrx_word' id='word_1_299' title='bbox 783 2613 983 2665; x_wconf 89' lang='lat' dir='ltr'><strong>(namque</strong></span> <span class='ocrx_word' id='word_1_300' title='bbox 1013 2613 1138 2661; x_wconf 88' lang='lat' dir='ltr'><strong>hanc,</strong></span> <span class='ocrx_word' id='word_1_301' title='bbox 1169 2623 1292 2663; x_wconf 88' lang='lat' dir='ltr'><strong>quam</strong></span> <span class='ocrx_word' id='word_1_302' title='bbox 1322 2610 1539 2659; x_wconf 88' lang='lat' dir='ltr'><strong>tractabat,</strong></span> 
     </span>
     <span class='ocr_line' id='line_1_37' title="bbox 50 2678 1544 2735; baseline 0.001 -17"><span class='ocrx_word' id='word_1_303' title='bbox 50 2678 182 2731; x_wconf 78' lang='lat' dir='ltr'><strong>ipsam</strong></span> <span class='ocrx_word' id='word_1_304' title='bbox 217 2681 330 2722; x_wconf 86' lang='lat' dir='ltr'><strong>illam</strong></span> <span class='ocrx_word' id='word_1_305' title='bbox 371 2683 585 2735; x_wconf 87' lang='lat' dir='ltr'><strong>antiquam</strong></span> <span class='ocrx_word' id='word_1_306' title='bbox 624 2684 808 2724; x_wconf 83' lang='lat' dir='ltr'><strong>fabulam</strong></span> <span class='ocrx_word' id='word_1_307' title='bbox 849 2683 1099 2724; x_wconf 77' lang='lat' dir='ltr'><strong>existimavit</strong></span> <span class='ocrx_word' id='word_1_308' title='bbox 1140 2694 1219 2722; x_wconf 88' lang='lat' dir='ltr'><strong>nec</strong></span> <span class='ocrx_word' id='word_1_309' title='bbox 1260 2680 1448 2720; x_wconf 85' lang='lat' dir='ltr'><strong>offensus</strong></span> <span class='ocrx_word' id='word_1_310' title='bbox 1480 2683 1544 2720; x_wconf 87' lang='lat' dir='ltr'><strong>est</strong></span> 
     </span>
    </p>
   </div>
   <div class='ocr_carea' id='block_1_4' title="bbox 48 2749 1546 2865">
    <p class='ocr_par' dir='ltr' id='par_1_4' title="bbox 48 2749 1546 2865">
     <span class='ocr_line' id='line_1_38' title="bbox 48 2749 1546 2808; baseline 0 -18"><span class='ocrx_word' id='word_1_311' title='bbox 48 2749 265 2803; x_wconf 83' lang='lat' dir='ltr'><strong>parabasi)</strong></span> <span class='ocrx_word' id='word_1_312' title='bbox 310 2753 527 2807; x_wconf 87' lang='lat' dir='ltr'><strong>multaque</strong></span> <span class='ocrx_word' id='word_1_313' title='bbox 573 2759 806 2808; x_wconf 86' lang='lat' dir='ltr'><strong>praeterea</strong></span> <span class='ocrx_word' id='word_1_314' title='bbox 846 2755 927 2797; x_wconf 89' lang='lat' dir='ltr'><strong>alia</strong></span> <span class='ocrx_word' id='word_1_315' title='bbox 969 2758 1129 2795; x_wconf 88' lang='lat' dir='ltr'><strong>temere</strong></span> <span class='ocrx_word' id='word_1_316' title='bbox 1172 2755 1433 2793; x_wconf 88' lang='lat' dir='ltr'><strong>commentus</strong></span> <span class='ocrx_word' id='word_1_317' title='bbox 1478 2750 1546 2799; x_wconf 81' lang='lat' dir='ltr'><strong>sit,</strong></span> 
     </span>
     <span class='ocr_line' id='line_1_39' title="bbox 102 2821 1271 2865; baseline -0.002 -3"><span class='ocrx_word' id='word_1_318' title='bbox 102 2828 277 2864; x_wconf 88' lang='lat' dir='ltr'><strong>Comoed.</strong></span> <span class='ocrx_word' id='word_1_319' title='bbox 311 2836 382 2865; x_wconf 86' lang='lat' dir='ltr'><strong>ant.</strong></span> <span class='ocrx_word' id='word_1_320' title='bbox 1212 2821 1271 2861; x_wconf 81' lang='grc'><strong>58</strong></span> 
     </span>
    </p>
   </div>
  </div>
 </body>
</html>
