1716 3164
197 169 304 215 1142
718 159 1126 215 ARtsTo‘Pnitle

311 289 457 328 Pollux
486 287 524 328 X
552 289 626 327 67:
668 285 957 340 Προσθετέον
994 285 1039 326 δὲ
1070 313 1122 319 --
1151 288 1224 327 καὶ
1255 286 1333 337 τὴν
1360 288 1406 329 ἐν
1430 285 1640 343 Ἀριστο-
1709 260 1716 280 a:

202 352 368 410 φάνους
395 354 566 404 Σκηνάς
594 351 1056 406 καταλαμβανούσαις·
1087 351 1301 405 Ληκυθον
1330 357 1404 397 κτλ
1478 359 1643 413 εἴρηται

203 424 285 479 γὰρ
328 423 406 464 νῦν
448 424 520 464 ἐπὶ
559 421 822 478 ἐκπώματος.
895 426 964 466 Vs.
994 427 1020 465 2
1058 423 1271 478 χυτραίαν
1314 421 1644 480 lungerma'nnus.

205 496 339 547 Vulgo
365 491 558 548 χυτρίαν.
616 497 808 536 Fortasse
838 500 948 534 recte
979 495 1207 535 Lobeckius
1237 497 1287 535 ad
1319 497 1469 549 Phr-yn.
1500 512 1538 549 p.
1566 500 1645 538 147

206 560 285 612 τὴν
310 563 505 618 χυτρεᾶν,
537 561 617 613 τὴν
646 560 845 615 ἀγκύλην.
877 590 929 594 -
961 565 1073 604 Vs.3
1103 566 1267 616 respicit
1299 567 1442 605 Pollux
1461 567 1514 606 lV
1547 567 1647 614 1213
1714 557 1716 559 ¹

207 632 301 672 Καὶ
341 629 664 686 Ἀριστοφάνης
702 632 746 671 δὲ
786 627 1167 684 συνθεάτριαν
1205 632 1380 687 «εἴρηκεν.
1453 636 1509 675 VI
1548 635 1648 675 158:

207 698 613 754 Συνθεάτριαν
668 701 712 741 δὲ
764 701 837 741 καὶ
885 699 1268 756 συλλῄστριαν
1311 701 1384 741 καὶ
1424 698 1648 753 σύγκοι-
1713 740 1716 759 3

208 783 300 810 τον
340 766 664 824 Ἀριστοφάνης
705 761 835 812 εἶπεν.
909 776 950 810 et
996 772 1032 810 ΙΙ
1076 773 1156 811 56:
1218 771 1306 810 Καὶ
1351 767 1538 825 θεάτρια
1580 773 1653 812 καὶ
1711 774 1716 814 ἶ

209 836 480 893 συνθεάτρια
509 836 534 888 ἡ
566 838 731 879 παλαιά
759 836 976 894 κωμῳδία.
1045 840 1156 879 ldem
1197 841 1274 880 alia
1311 842 1506 891 quaedam
1537 855 1655 893 prae-

210 915 323 949 terea
352 910 557 958 adiunxit,
601 923 704 961 quae
733 923 812 950 non
845 908 984 948 dubito
1014 909 1064 947 ad
1093 910 1196 948 hanc
1225 910 1352 961 ipsam
1381 909 1557 949 fabulam
1590 924 1655 950 re·
1712 911 1716 948 ε’

210 978 336 1018 ferre.
400 978 505 1017 Dicit
542 982 677 1016 autem
718 979 820 1017 haec
857 990 938 1017 una
979 990 1028 1017 ex
1066 979 1326 1027 mulieribus,
1367 991 1470 1029 quae
1507 980 1656 1019 theatri
1714 975 1716 1013 ἶ

211 1047 332 1087 sedes
385 1048 608 1098 occupavit.
688 1047 880 1086 Ceterum
927 1051 1093 1099 propter
1142 1047 1245 1086 illud
1303 1042 1529 1098 σύγκοιτον
1585 1051 1657 1088 ali-

212 1117 373 1169 quando
404 1116 512 1155 volui
542 1115 594 1154 ad
623 1115 728 1154 hanc
757 1116 1007 1154 comoediam
1037 1114 1194 1154 referre
1233 1115 1324 1154 illos
1354 1129 1517 1166 versus,
1558 1131 1658 1170 quos

213 1185 458 1224 Plutarchus
505 1185 597 1223 Non
646 1196 764 1235 posse
802 1184 981 1223 suaviter
1018 1183 1097 1223 vivi
1136 1196 1218 1223 sec.
1262 1184 1490 1236 Epicureos
1529 1200 1562 1228 c.
1607 1189 1659 1228 16

214 1254 364 1295 omisso
394 1257 542 1305 poetae
572 1253 735 1292 nomine
765 1253 1001 1305 adscripsit:

385 1318 439 1360 Τι’
469 1316 590 1376 κάθῃ
622 1318 702 1371 σύ;
734 1322 825 1369 παῖ,
857 1319 1032 1373 πίωμεν,
1064 1314 1116 1358 ού
1144 1319 1217 1358 καὶ
1249 1317 1368 1360 σιτία

388 1387 617 1443 πάρεστιν,
643 1380 675 1428 ὦ
708 1386 904 1438 δύστηνε,
934 1387 994 1442 μή
1028 1387 1172 1443 σαυτῷ
1201 1385 1378 1442 φθόνει.

386 1457 429 1498 οἱ
457 1455 508 1497 δ’
538 1454 675 1506 εὐθὺς
704 1454 941 1509 ἠλάλαξαν,
970 1457 1017 1498 ἐν
1046 1453 1095 1496 δ’
1128 1454 1324 1511 ἐκίρνατο

382 1517 510 1574 οἶνος,
540 1525 683 1580 φέρων
713 1526 757 1566 δὲ
788 1527 1006 1581 στέφανον
1036 1522 1270 1580 ἀμφέθηκέ
1298 1540 1374 1574 τις.

388 1589 513 1648 ὕμνει
543 1594 589 1635 δέ
619 1609 682 1643 τις
711 1591 895 1650 αἰσχρῶς
923 1593 1064 1635 κλῶνα
1094 1593 1199 1648 πρὸς
1227 1594 1359 1635 καλὸν
1389 1591 1558 1650 δάφνης

387 1661 410 1704 ὁ
445 1663 610 1716 Φοῖβος
639 1661 689 1704 ού
720 1662 944 1720 προσῳδά·
974 1660 1054 1712 τήν
1083 1660 1122 1703 τ’
1155 1662 1360 1703 ἐναυλίαν

390 1730 526 1774 ω’θῶν
554 1747 619 1782 τις
647 1733 835 1786 ἐξέκλαξε
868 1731 1162 1785 σύγκοιτον
1191 1731 1335 1787 φίλην.

915 1875 984 1915 IV.

367 1953 554 2009 Χρῶμαι
584 1956 665 2008 γὰρ
695 1952 830 1994 αὐτοῦ
859 1953 935 1995 τοῦ
965 1951 1181 2007 στόματος
1209 1951 1267 2009 τῷ
1296 1949 1552 2008 στρογγύλῳ,

365 2035 467 2085 τοὺς
495 2035 593 2084 νοῦς
623 2036 649 2076 δ
665 2033 676 2046 ³
710 2034 941 2091 ἀγοραίους
969 2028 1100 2086 ἧττον
1130 2031 1157 2085 ἢ
1182 2033 1333 2084 ’κεῖνος
1362 2036 1486 2078 ποιῶ.

338 2148 566 2188 Scholiasta
598 2148 778 2188 Platonis
807 2148 942 2187 Clark.
972 2160 1013 2199 p.
1044 2147 1126 2186 330
1157 2147 1221 2187 ed.
1251 2147 1433 2187 Bekker:
1469 2142 1674 2200 Ἀριστο-

227 2211 370 2269 φάνης
399 2241 451 2248 —-
481 2214 743 2272 ἐκωμῳδεῖτο
773 2214 842 2255 ἐπὶ
874 2212 931 2270 τῷ
961 2210 1171 2254 σκώπτειν
1197 2216 1276 2268 μὲν
1305 2210 1570 2269 Εὐριπίδην,
1599 2229 1674 2268 μι-

227 2284 418 2338 μεῖσθαι
451 2281 497 2324 δ’
531 2283 679 2326 αὐτόν.
739 2284 982 2338 Κρατῖνος·
1259 2279 1261 2283 ”

693 2351 767 2400 Τίς
798 2353 841 2392 δὲ
872 2348 945 2403 σύ,·
974 2346 1144 2404 κομψός
1171 2365 1236 2399 τις
1264 2348 1404 2405 ἔροιτο
1434 2348 1619 2402 θεατής·

319 2416 677 2473 ὑπολεπτόλογος,
707 2416 1043 2473 γνωμιδιώκτης,
1071 2416 1597 2474 εύριπιδαριστοᾳανίζων.

228 2489 302 2528 καὶ
360 2485 492 2536 αὐτὸς
536 2486 594 2529 δ’
642 2488 959 2541 ἐξομολογεῖται
999 2487 1171 2538 Σκηνὰς
1213 2485 1675 2540 καταλαμβανούσαις.

233 2555 424 2610 Χροῖμαι
470 2555 551 2612 γὰρ
590 2553 727 2598 αὐτοῦ
767 2547 880 2612 φησί
914 2556 1003 2597 κτλ.
1074 2559 1190 2601 Adde
1229 2558 1492 2598 Plutarchum
1528 2558 1676 2599 Moral.

231 2639 273 2678 p.
305 2627 361 2665 30
389 2628 445 2666 D:
476 2654 528 2660 —-
558 2623 582 2667 ὁ
610 2629 689 2680 μὲν
719 2623 1013 2676 ἀπανθίζεται
1042 2624 1123 2675 την
1153 2623 1361 2678 ἱστορίαν,
1390 2623 1414 2664 ὁ
1445 2623 1490 2664 δὲ
1519 2622 1670 2678 ἐμφύε-

231 2705 306 2733 ται
334 2692 394 2750 'ff’
420 2692 564 2735 κάλλει
600 2696 675 2736 καὶ
713 2693 766 2751 τῇ
795 2694 1037 2752 κατασκευῇ
1072 2693 1157 2734 τῶν
1185 2690 1435 2746 ὀνομάτων,
1473 2689 1675 2749 καθάπερ
