1716 3164
234 183 317 227 8⁰12
803 179 1139 226 Tussoroml‘i

234 289 382 333 ἄττεια
427 292 538 342 (sio).
628 283 886 341 Θεόπομπος
930 287 975 329 K
982 285 1212 338 απηλίσι
1254 288 1534 346 Κολάσομεγ’
1575 294 1675 345 (sie)

235 359 318 405 ἔσω
346 360 420 400 καὶ
449 357 526 402 τὸν
555 355 635 400 σὸν
663 354 812 408 ‹iit-mv.
869 359 1076 403 Porsonus
1105 359 1157 399 ad
1186 361 1518 414 ToupiiEmend.
1536 377 1575 416 p.
1591 363 1675 407 459

232 424 476 481 κολάσομαί
504 423 548 467 σ’
581 423 674 480 ἐγώ.
741 429 802 473 De
823 422 992 476 ''Aum-
1012 422 1169 475 ”Arm
1197 431 1422 483 ceterisque
1452 433 1573 473 huius
1601 445 1675 476 no-

233 501 352 541 minis
390 498 533 539 formis
574 498 752 538 nondum
792 512 814 538 a
851 510 1052 550 quoquam
1090 503 1278 538 accurate
1324 503 1548 551 quaesitum
1600 506 1675 541 est.

232 571 429 610 Dicuntur
471 568 572 606 haec
614 573 749 607 autem
779 568 935 607 homini
965 568 1030 606 vel
1060 569 1325 607 mulierculae
1355 570 1501 610 Attidis
1530 582 1674 622 super-

232 638 430 679 stionibus
474 637 655 688 impense
695 636 871 679 deditae.
956 636 1030 676 Cfr
1072 637 1267 677 Lobeclrii
1314 638 1614 689 Aglaophamus
1656 639 1674 678 1

230 722 271 760 p.
302 708 396 746 628.
463 706 550 746 Nisi
581 705 689 744 forte
719 705 799 744 hoc
829 705 944 753 dicit,
974 711 1018 745 te
1047 711 1090 745 et
1119 708 1321 746 amasium
1349 714 1465 747 tuum
1485 709 1674 759 puniam.

231 778 321 828 Quo
353 787 473 814 sensn
493 775 687 814 Adonidis
716 787 863 814 nomen
895 774 1198 825 frequentatum
1227 776 1355 816 fuisse
1384 780 1547 828 praeter
1577 775 1676 815 alios

231 847 352 885 docet
390 844 583 895 Alciphro
630 845 760 894 Epist.
793 845 908 884 139.
976 845 1175 884 Futurum
1210 840 1451 896 κολάσομαι
1498 845 1562 885 vel
1601 856 1677 883 κο-

229 910 347 952 λάόω
384 926 458 965 pro
495 910 688 964 κολῶμαι
725 914 789 953 vel
829 909 942 952 κολῶ
976 913 1173 953 habemus
1201 915 1299 954 item
1329 915 1435 968 apud
1466 914 1675 955 Demosth-

231 999 266 1026 ο.
296 984 465 1026 Androt.
496 983 549 1021 39
581 996 620 1034 p.
650 982 732 1022 544
763 984 890 1023 Bekk.

721 1243 1187 1288 MHAOE.

946 1368 976 1407 I.

357 1446 447 1499 ’Ὡς
477 1446 581 1490 ποτ’
611 1446 816 1499 ἐκήλησεν
849 1446 1176 1503 Καλλίστρατος
1205 1438 1303 1494 υἷας
1328 1444 1537 1500 Ἀχαιῶν,

363 1536 495 1590 κέρμα
528 1531 658 1588 φίλον
689 1530 879 1584 διαδούς,
909 1527 979 1574 ὅτε
1009 1528 1261 1586 συμμαχίαν
1290 1530 1488 1585 ἐρέεινεν·

367 1609 461 1659 οἷον
491 1614 535 1657 δ’
566 1615 619 1657 οὐ
649 1614 806 1667 κήλησε
836 1616 970 1671 δέμας
998 1614 1153 1656 λεπτὸν
1178 1611 1501 1669 Ῥαδάμανθυν

363 1698 643 1755 Λύσανδρον,
673 1696 864 1741 κώθωνα
892 1701 994 1756 πρὶν
1024 1696 1140 1755 αὐτῷ
1168 1697 1273 1739 δῶκε
1304 1693 1536 1748 λεπαστήν.

337 1816 572 1855 Athenaeus
603 1814 661 1854 XI
691 1829 729 1867 p.
747 1815 829 1854 485
846 1828 880 1855 c.
911 1815 963 1853 de
993 1808 1187 1867 λεπαστῇ
1214 1813 1361 1865 poculo
1391 1824 1534 1864 agens:
1569 1807 1676 1850 Θεό-

226 1895 398 1932 πομπος
428 1880 648 1938 Ι’[αμφι’λῃ
679 1886 871 1936 (Fragm.
904 1884 949 1933 l)
985 1881 1059 1921 καὶ
1088 1879 1133 1919 ἐν
1163 1876 1306 1935 ΠΙήόῳ
1333 1873 1422 1927 ς’.Ως
1451 1876 1554 1920 ποτ’
1582 1875 1676 1928 ἐκή-

223 1950 355 2001 anon)
383 1951 459 1990 κτλ
542 1954 612 1994 Vs.
643 1955 669 1993 2
708 1954 952 2005 „legebatur
981 1949 1113 2004 φίλον
1143 1963 1182 1989 τι
1213 1945 1381 1998 διδούς,
1419 1964 1468 1990 ex
1498 1950 1674 1999 Masuri,

225 2023 384 2074 opinor,
417 2023 664 2062 coniectura.
697 2035 737 2061 τι
768 2036 847 2063 om,
878 2022 1022 2062 ABP.”
1053 2021 1299 2060 Dindorfius.
1339 2045 1392 2051 —
1422 2021 1493 2061 Vs.
1524 2020 1551 2059 3
1581 2008 1676 2058 οἷον

221 2105 296 2143 pro
329 2083 423 2129 οἷον
454 2093 730 2131 Casaubdnus.
762 2117 814 2124 -—-
855 2093 924 2132 Vs.
956 2092 983 2130 4
1010 2091 1103 2130 libri
1130 2085 1323 2128 κώθωνι.
1370 2089 1537 2130 Correxi
1565 2089 1673 2129 nist.

221 2162 311 2200 crit.
344 2175 383 2212 p.
402 2161 496 2200 238.
556 2161 779 2212 Occupavit
809 2160 888 2199 Th.
918 2161 1117 2212 Bergkius
1147 2160 1375 2198 Comment.
1391 2172 1431 2210 p.
1447 2159 1543 2202 241.
1601 2157 1675 2198 Gfr

222 2241 345 2280 supra
375 2243 414 2280 p.
447 2230 540 2268 158.
610 2232 903 2281 Argumentum
939 2229 1084 2267 horum
1125 2239 1315 2267 versuum
1359 2239 1552 2277 quorsum
1580 2240 1673 2278 spe-

223 2303 307 2337 ctet
337 2298 508 2337 difficile
539 2298 649 2337 dictu
680 2301 755 2336 est.
815 2298 1092 2338 Callistratum
1122 2308 1212 2335 esse
1242 2295 1672 2347 illum-Aphidnaeum‚

223 2368 479 2418 eloquentiae
509 2369 629 2406 laude
660 2367 1013 2414 florentissimum,
1053 2378 1132 2417 quo
1171 2369 1327 2417 spectat
1355 2365 1476 2405 etiam
1506 2366 1674 2404 verbum

222 2434 364 2482 κηλεῖν
394 2448 513 2476 versu
544 2437 673 2487 primo
705 2440 746 2474 et
776 2437 920 2483 tertio,
951 2436 1048 2474 satis
1077 2439 1264 2486 apertum
1295 2438 1378 2482 est,
1416 2433 1596 2484 viditque
1625 2434 1670 2472 id

225 2506 344 2544 etiam
375 2506 811 2557 Schweighaeuserus,
841 2504 955 2542 illum
986 2508 1227 2542 conventum
1257 2515 1281 2540 a
1312 2503 1580 2555 Theopompo
1609 2503 1672 2543 in-

224 2575 293 2613 nui
325 2579 459 2622 ratus,
495 2575 535 2613 in
567 2586 647 2625 quo
678 2574 932 2615 Callistratus
963 2571 1185 2612 Arcadibus
1215 2570 1465 2623 persuadere
1503 2572 1670 2620 studuit,
1714 2568 1716 2571 ’

224 2648 271 2683 ut
315 2645 551 2683 societatem
593 2648 861 2694 sequerentur
899 2641 1223 2682 Atheniensium.
1295 2641 1344 2682 V.
1383 2639 1549 2680 Diodor.
1589 2640 1670 2681 Sic.
1709 2639 1711 2665 ¹

225 2713 302 2754 XV
330 2713 384 2751 38
415 2718 456 2752 et
486 2713 649 2751 Corne!
681 2714 784 2764 Nep.
816 2713 959 2764 Epam.
990 2712 1029 2751 6.
1096 2713 1148 2751 At
1185 2712 1274 2763 ipse
1313 2710 1410 2750 vidit
1447 2722 1529 2754 non
1558 2713 1672 2751 recte
1706 2729 1710 2778 3
