1716 3164
213 151 297 192 992
757 154 1167 197 ARISTOPHANJS

212 274 373 315 ᾳασιν,
403 256 501 300 ἀλλ’
535 257 559 301 ὁ
590 258 812 317 Κοισύρας
850 263 923 302 καὶ
953 259 1184 317 Λάμαχος,
1221 257 1295 313 Οἷς
1324 261 1403 306 ὑπ’
1438 263 1592 321 ἐράνου
1618 248 1664 307 τε

214 331 286 371 καὶ
314 329 453 384 χρεῶν
480 326 628 384 πρώην
656 331 773 382 ποτέ,
802 325 978 385 ’Ὠσπερ
1008 330 1280 387 ἀπόνιπτρον,
1301 334 1509 388 ἐκχέοντες
1537 337 1664 377 ἑσπέ·

213 414 291 455 ρας
310 393 535 447 (Ἅπαντες
563 397 716 450 ἐξίστω
745 398 968 458 παρῄνουν
1008 401 1050 441 οἱ
1080 400 1219 456 φίλοι,
1258 405 1327 443 ubi
1365 406 1599 447 scholiasta:
1638 402 1662 446 ὁ

213 465 455 521 Κοισύρας·
502 466 526 509 ὁ
569 469 814 521 Μεγακλῆς.
883 467 1081 524 Κοισύρα
1121 472 1165 511 δὲ
1205 471 1368 523 ἐγένετο
1402 469 1663 530 Ἀθήνῃσιν

211 534 382 590 εὐγενὴς
410 536 516 593 γυνὴ
546 539 619 578 καὶ
648 537 836 579 πλουσία
864 535 1007 593 μήτηρ
1037 539 1114 580 τοῦ
1132 541 1423 593 Μεγακλέους,
1452 538 1499 590 ὃς
1527 557 1660 583 κατα-

212 606 436 662 βεβρωκὼς
472 605 553 657 τὴν
581 604 739 648 οὐσίαν
769 608 840 648 καὶ
879 602 1059 662 ὕστερον
1098 609 1399 660 πεπλουτηκώς
1429 610 1472 651 ἐκ
1501 611 1580 651 τοῦ
1607 612 1660 651 τά

209 675 332 717 κοινὰ
363 673 574 732 πράσσειν
601 676 781 729 λέγεται.
839 679 1133 730 Cognoscimus
1161 681 1256 720 inde
1287 686 1382 720 tunc
1412 680 1671 733 Megaclem‚'

210 762 259 788 ex
289 748 536 788 nobilissima
566 747 944 788 Alcmaeonidarum
977 749 1104 799 stirpe
1134 750 1372 798 oriundum,
1405 763 1500 788 aere
1529 750 1662 790 alieno

211 819 314 860 olim
340 819 530 856 obrutum
571 822 664 868 post
693 818 815 856 rebus
853 817 1026 867 publicis
1054 818 1376 858 administrandis
1405 832 1570 870 magnas
1601 820 1662 858 di-

212 887 330 926 vitias
371 887 449 926 sibi
490 899 768 939 comparasse,
810 886 1066 936 eundemque
1102 888 1257 926 conieci
1288 900 1409 939 supra
1446 899 1527 927 una
1566 900 1658 927 cum

209 957 413 1008 Morycho
451 956 501 995 ad
542 968 682 1007 regem
714 956 930 994 Persarum
970 956 1149 1007 legatum
1190 969 1280 996 esse
1318 958 1367 996 ab
1397 956 1660 997 Atheniensi·

208 1026 311 1065 bus:
357 1025 533 1065 eundem
574 1025 684 1064 hunc
721 1025 949 1075 Megaclem
989 1025 1086 1063 dicit
1124 1025 1288 1064 Leucon
1325 1026 1365 1064 in
1409 1020 1660 1076 Φράτερσιν

209 1095 281 1136 Fr.
311 1094 345 1134 Ι.
399 1088 555 1145 Ἀτάρ,
585 1082 615 1130 ὦ
652 1088 911 1143 Μεγάκλεες,
942 1082 1084 1131 οἶσθά
1114 1105 1210 1142 που,
1242 1088 1476 1139 ῙΙαάπιδος
1500 1089 1658 1146 ’Υπέρ-

213 1161 342 1214 βόλος
372 1158 638 1213 τάκπώματα
668 1158 974 1209 κατεδήδοκεν,
1030 1161 1111 1200 Sed
1152 1162 1203 1201 de
1240 1166 1356 1213 patre
1387 1162 1474 1201 eius
1505 1164 1546 1201 et
1575 1158 1681 1203 ina-⁴

207 1236 272 1270 tre
301 1231 430 1271 dicam
461 1233 582 1279 alibi,
618 1245 708 1271 nam
739 1230 1120 1271 Alcmaeonidarum
1160 1234 1282 1283 stirps
1305 1217 1556 1283 *impeditior
1586 1235 1660 1283 est,

207 1312 325 1352 quam
356 1305 402 1340 ut
430 1300 510 1340 hoc
539 1301 630 1341 loco
660 1300 806 1354 exponi
835 1300 974 1352 possit.

868 1432 998 1472 XVII.

319 1515 486 1555 Suidas:
533 1514 655 1562 Τοῖς
691 1509 1089 1567 Ἱπποκράτους
1125 1510 1323 1550 υἱέσιν·
1362 1503 1480 1551 οὗτοι
1521 1510 1571 1552 δ’
1603 1509 1660 1562 ὥς

206 1578 356 1631 ὑώδεις
394 1586 503 1631 τινες
547 1583 624 1623 καὶ
668 1580 922 1624 ἀπαίδευτοι
963 1578 1291 1636 ἐκωμῳόοῢντο·
1339 1582 1414 1621 καὶ
1465 1578 1562 1635 τάχ’
1603 1578 1658 1622 ἂν

205 1642 322 1700 ἦσαν
359 1651 627 1707 προκέᾳαλοί
667 1665 799 1703 τινες,
838 1650 895 1700 ὠς
924 1651 969 1691 ἐν
1001 1650 1207 1703 Γεωργοῖς
1236 1650 1345 1702 φησὶ
1375 1651 1450 1689 καὶ
1478 1650 1523 1690 ἔν
1559 1652 1658 1705 Τρι-

206 1718 382 1776 φάλητι,
440 1724 501 1764 De
531 1725 793 1777 Hippocratis
821 1723 917 1763 filiis
947 1722 1026 1762 vid.
1057 1722 1326 1762 commentat.
1357 1736 1397 1775 p,
1416 1721 1511 1762 350.

856 1843 1007 1884 XVlll.

316 1927 544 1968 Scholiasta
574 1927 717 1966 Avium
757 1939 793 1966 v.
827 1927 959 1967 1698:
1002 1913 1182 1978 Ιὸργίαι
1223 1937 1266 1963 τε
1308 1923 1382 1962 καὶ
1428 1920 1655 1965 Φίλιπποι.

205 1990 229 2035 ὁ
264 1992 486 2041 Φίλιππος
523 1994 597 2033 καὶ
635 1990 659 2033 ὁ
690 1993 875 2046 Γοργίας
914 1986 1036 2034 οὗτοι
1073 1989 1245 2048 ῥήτορες
1275 1988 1397 2031 λάλοι
1435 1987 1567 2031 εἰσίν
1599 2017 1654 2026 .-

204 2063 284 2104 τοῦ
319 2062 364 2103 δὲ
398 2060 626 2104 Φιλίππου
661 2063 735 2102 καὶ
770 2062 816 2102 ἐν
846 2062 1055 2116 Ιέωρ;οἴς
1090 2057 1350 2115 μνημονεύει
1382 2057 1653 2116 Ἀριστοφά-

203 2146 292 2182 νης.
325 2135 380 2174 ita
409 2134 499 2174 cod.
530 2133 660 2180 Leid„
689 2134 729 2172 in
762 2134 862 2172 Rav.
893 2134 1045 2185 legitur
1070 2127 1374 2185 Ἀριστοκλῆς.
1421 2132 1653 2184 Philippum

202 2209 420 2251 oratorem,
451 2204 519 2255 qui
549 2203 710 2242 dicendi
739 2203 935 2242 facultate
965 2202 1203 2241 abuteretur
1233 2202 1284 2240 ad
1312 2201 1652 2250 calumniandum,

202 2274 459 2324 eundemque
497 2272 757 2324 peregrinum
801 2271 1007 2310 hominem
1046 2270 1175 2310 fuisse
1211 2270 1345 2322 arguit
1398 2270 1545 2310 Avium
1581 2270 1652 2309 ille

199 2343 338 2382 locus:
368 2337 496 2380 ’Ἐστι
534 2335 584 2378 δ’
617 2338 663 2379 ἐν
701 2341 810 2390 (scr.
840 2337 894 2388 δὴ
923 2335 995 2390 ’ν)
1031 2337 1227 2378 Φαναῖσι
1255 2336 1362 2392 πρὸς
1392 2335 1444 2393 τῇ
1475 2333 1652 2389 Κλεψύ-

200 2411 284 2464 ὃριιι
312 2408 560 2462 πανοῦργον
587 2404 1027 2462 ἐγγλωττογαστόρων
1055 2407 1203 2458 γένος,
1237 2402 1293 2446 (Ji
1321 2403 1571 2458 θερίζουσίν
1599 2417 1644 2443 τε

198 2481 270 2518 καὶ
309 2479 534 2533 σπείρουσι
570 2478 643 2518 καὶ
685 2475 872 2532 τρυγῶσι
913 2477 1006 2523 ταῖς
1046 2473 1280 2528 γλώτταισι
1317 2471 1548 2524 συκάζουσί
1585 2486 1644 2515 τε.

198 2544 431 2601 Βάρβαροι
460 2543 508 2586 δ’
541 2541 652 2587 εἰσὶν
681 2547 813 2598 γένος,
845 2542 1025 2598 Ιὸργίαι
1051 2559 1095 2584 τε
1133 2545 1205 2584 καὶ
1243 2543 1476 2593 Φίλιπποι,
1515 2540 1646 2582 Κάπὸ

198 2615 285 2655 τῶν
313 2612 751 2669 ἐγγλωττογαστόρων
779 2613 950 2656 ἐκείνων
979 2614 1064 2654 τῶν
1098 2611 1334 2655 Φιλίππων
1360 2611 1449 2653 κτλ.
1519 2613 1646 2654 Vide-

197 2689 265 2726 tur
293 2690 429 2726 autem
455 2686 523 2725 hic
540 2687 752 2739 Philippus
781 2700 830 2727 ex
859 2686 1036 2738 Gorgiae
1066 2684 1276 2736 disciplina
1304 2681 1512 2735 profectus
1542 2694 1646 2730 esse,
