<?xml version="1.0" encoding="UTF-8"?>
<!DOCTYPE html PUBLIC "-//W3C//DTD XHTML 1.0 Transitional//EN"
    "http://www.w3.org/TR/xhtml1/DTD/xhtml1-transitional.dtd">
<html xmlns="http://www.w3.org/1999/xhtml" xml:lang="en" lang="en">
 <head>
  <title>
</title>
<meta http-equiv="Content-Type" content="text/html;charset=utf-8" />
  <meta name='ocr-system' content='tesseract 3.04.00' />
  <meta name='ocr-capabilities' content='ocr_page ocr_carea ocr_par ocr_line ocrx_word'/>
</head>
<body>
  <div class='ocr_page' id='page_1' title='image "./fragmentacomicor02meinuoft_0393.png"; bbox 0 0 1716 3164; ppageno 0'>
   <div class='ocr_carea' id='block_1_1' title="bbox 702 157 1576 203">
    <p class='ocr_par' dir='ltr' id='par_1_1' title="bbox 702 157 1576 203">
     <span class='ocr_line' id='line_1_1' title="bbox 702 157 1576 203; baseline 0.001 -1"><span class='ocrx_word' id='word_1_1' title='bbox 702 157 822 202; x_wconf 82' lang='grc' dir='ltr'><strong>ΓΕΩ</strong></span> <span class='ocrx_word' id='word_1_2' title='bbox 831 157 985 202; x_wconf 83' lang='grc' dir='ltr'><em>ΡΓΟΙ.</em></span> <span class='ocrx_word' id='word_1_3' title='bbox 1495 162 1576 203; x_wconf 78' lang='grc'><strong>991</strong></span> 
     </span>
    </p>
   </div>
   <div class='ocr_carea' id='block_1_2' title="bbox 99 267 1582 409">
    <p class='ocr_par' dir='ltr' id='par_1_2' title="bbox 99 267 1582 409">
     <span class='ocr_line' id='line_1_2' title="bbox 105 267 1582 333; baseline -0.004 -12"><span class='ocrx_word' id='word_1_4' title='bbox 105 278 172 322; x_wconf 78' lang='grc' dir='ltr'><strong>δι’</strong></span> <span class='ocrx_word' id='word_1_5' title='bbox 205 275 322 332; x_wconf 78' lang='grc' dir='ltr'><em>ἡμᾶς</em></span> <span class='ocrx_word' id='word_1_6' title='bbox 351 275 440 318; x_wconf 67' lang='grc' dir='ltr'><strong>ἐκεῖ</strong></span> <span class='ocrx_word' id='word_1_7' title='bbox 466 273 522 333; x_wconf 77' lang='grc' dir='ltr'><strong>τῷ</strong></span> <span class='ocrx_word' id='word_1_8' title='bbox 546 273 695 331; x_wconf 76' lang='grc' dir='ltr'><em>χαλκῷ</em></span> <span class='ocrx_word' id='word_1_9' title='bbox 732 270 1054 328; x_wconf 74' lang='grc' dir='ltr'><em>ἐλλουσάμενον</em></span> <span class='ocrx_word' id='word_1_10' title='bbox 1087 267 1295 322; x_wconf 68' lang='grc' dir='ltr'><em>κολάζων.</em></span> <span class='ocrx_word' id='word_1_11' title='bbox 1363 272 1582 316; x_wconf 71' lang='lat' dir='ltr'><strong>Praeclare</strong></span> 
     </span>
     <span class='ocr_line' id='line_1_3' title="bbox 99 342 1581 409; baseline -0.004 -16"><span class='ocrx_word' id='word_1_12' title='bbox 99 352 333 409; x_wconf 73' lang='lat' dir='ltr'>emendavit</span> <span class='ocrx_word' id='word_1_13' title='bbox 364 348 582 390; x_wconf 84' lang='lat' dir='ltr'><strong>Porsonus&#39;</strong></span> <span class='ocrx_word' id='word_1_14' title='bbox 605 347 746 388; x_wconf 86' lang='lat' dir='ltr'><strong>Praef.</strong></span> <span class='ocrx_word' id='word_1_15' title='bbox 777 348 829 387; x_wconf 87' lang='lat' dir='ltr'><strong>ad</strong></span> <span class='ocrx_word' id='word_1_16' title='bbox 861 348 1023 387; x_wconf 89' lang='lat' dir='ltr'><strong>Hecub.</strong></span> <span class='ocrx_word' id='word_1_17' title='bbox 1052 359 1094 398; x_wconf 86' lang='lat' dir='ltr'><strong>p.</strong></span> <span class='ocrx_word' id='word_1_18' title='bbox 1124 345 1199 385; x_wconf 87' lang='lat' dir='ltr'><strong>XL</strong></span> <span class='ocrx_word' id='word_1_19' title='bbox 1233 345 1270 385; x_wconf 87' lang='lat' dir='ltr'><strong>l.</strong></span> <span class='ocrx_word' id='word_1_20' title='bbox 1339 342 1447 385; x_wconf 83' lang='lat' dir='ltr'><strong>Dicit</strong></span> <span class='ocrx_word' id='word_1_21' title='bbox 1474 345 1581 387; x_wconf 85' lang='lat' dir='ltr'><strong>haec</strong></span> 
     </span>
    </p>
   </div>
   <div class='ocr_carea' id='block_1_3' title="bbox 31 416 1571 470">
    <p class='ocr_par' dir='ltr' id='par_1_3' title="bbox 31 416 1571 470">
     <span class='ocr_line' id='line_1_4' title="bbox 31 416 1571 470; baseline -0.003 -7"><span class='ocrx_word' id='word_1_22' title='bbox 31 439 36 444; x_wconf 92' lang='lat'>·</span> <span class='ocrx_word' id='word_1_23' title='bbox 97 423 247 463; x_wconf 80' lang='lat' dir='ltr'><strong>chorus</strong></span> <span class='ocrx_word' id='word_1_24' title='bbox 284 422 325 462; x_wconf 93' lang='lat' dir='ltr'><strong>in</strong></span> <span class='ocrx_word' id='word_1_25' title='bbox 364 422 448 461; x_wconf 85' lang='lat' dir='ltr'><strong>fine</strong></span> <span class='ocrx_word' id='word_1_26' title='bbox 487 419 668 468; x_wconf 85' lang='lat' dir='ltr'><strong>fabulae,</strong></span> <span class='ocrx_word' id='word_1_27' title='bbox 707 429 800 458; x_wconf 88' lang='lat' dir='ltr'><strong>cum</strong></span> <span class='ocrx_word' id='word_1_28' title='bbox 832 429 936 470; x_wconf 86' lang='lat' dir='ltr'><strong>pace</strong></span> <span class='ocrx_word' id='word_1_29' title='bbox 965 417 1155 457; x_wconf 77' lang='lat' dir='ltr'><strong>restituta</strong></span> <span class='ocrx_word' id='word_1_30' title='bbox 1185 416 1289 458; x_wconf 89' lang='lat' dir='ltr'><strong>urbe</strong></span> <span class='ocrx_word' id='word_1_31' title='bbox 1327 428 1400 458; x_wconf 86' lang='lat' dir='ltr'><strong>rus</strong></span> <span class='ocrx_word' id='word_1_32' title='bbox 1427 416 1571 458; x_wconf 85' lang='lat' dir='ltr'><strong>redire</strong></span> 
     </span>
    </p>
   </div>
   <div class='ocr_carea' id='block_1_4' title="bbox 0 0 17 1593">
    <p class='ocr_par' dir='ltr' id='par_1_4' title="bbox 0 0 17 1593">
     <span class='ocr_line' id='line_1_5' title="bbox 0 0 17 1593; baseline 0 0"><span class='ocrx_word' id='word_1_33' title='bbox 0 0 17 1593; x_wconf 95' lang='lat' dir='ltr'><strong> </strong></span> 
     </span>
    </p>
   </div>
   <div class='ocr_carea' id='block_1_5' title="bbox 98 497 892 610">
    <p class='ocr_par' dir='ltr' id='par_1_5' title="bbox 98 497 892 610">
     <span class='ocr_line' id='line_1_6' title="bbox 98 497 228 545; baseline 0 -13"><span class='ocrx_word' id='word_1_34' title='bbox 98 497 228 545; x_wconf 83' lang='lat' dir='ltr'><strong>parat.</strong></span> 
     </span>
     <span class='ocr_line' id='line_1_7' title="bbox 777 570 892 610; baseline 0 0"><span class='ocrx_word' id='word_1_35' title='bbox 777 570 876 610; x_wconf 86' lang='lat' dir='ltr'><strong>XVI</strong></span> <span class='ocrx_word' id='word_1_36' title='bbox 883 600 892 610; x_wconf 93' lang='lat'><strong>.</strong></span> 
     </span>
    </p>
   </div>
   <div class='ocr_carea' id='block_1_6' title="bbox 377 649 1284 710">
    <p class='ocr_par' dir='ltr' id='par_1_6' title="bbox 377 649 1284 710">
     <span class='ocr_line' id='line_1_8' title="bbox 377 649 1284 710; baseline -0.001 -14"><span class='ocrx_word' id='word_1_37' title='bbox 377 652 599 710; x_wconf 82' lang='grc' dir='ltr'><strong>Λάχητας,</strong></span> <span class='ocrx_word' id='word_1_38' title='bbox 632 654 891 709; x_wconf 63' lang='grc' dir='ltr'><strong>ΖὶΙεγακλέας</strong></span> <span class='ocrx_word' id='word_1_39' title='bbox 921 655 995 694; x_wconf 83' lang='grc' dir='ltr'><strong>καὶ</strong></span> <span class='ocrx_word' id='word_1_40' title='bbox 1025 649 1284 708; x_wconf 76' lang='grc' dir='ltr'><em>Λαμάχους.</em></span> 
     </span>
    </p>
   </div>
   <div class='ocr_carea' id='block_1_7' title="bbox 53 764 1582 2804">
    <p class='ocr_par' dir='ltr' id='par_1_7' title="bbox 53 764 1582 2804">
     <span class='ocr_line' id='line_1_9' title="bbox 213 764 1582 828; baseline -0.004 -10"><span class='ocrx_word' id='word_1_41' title='bbox 213 777 362 818; x_wconf 86' lang='lat' dir='ltr'><strong>Suidas</strong></span> <span class='ocrx_word' id='word_1_42' title='bbox 390 769 555 828; x_wconf 74' lang='grc' dir='ltr'><em>Ἀτρέα</em></span> <span class='ocrx_word' id='word_1_43' title='bbox 585 772 658 813; x_wconf 84' lang='grc' dir='ltr'><strong>καὶ</strong></span> <span class='ocrx_word' id='word_1_44' title='bbox 689 767 899 813; x_wconf 76' lang='grc' dir='ltr'><em>καθόλου</em></span> <span class='ocrx_word' id='word_1_45' title='bbox 930 768 1007 820; x_wconf 84' lang='grc' dir='ltr'><strong>τὰς</strong></span> <span class='ocrx_word' id='word_1_46' title='bbox 1038 767 1128 811; x_wconf 82' lang='grc' dir='ltr'><strong>ἀπὸ</strong></span> <span class='ocrx_word' id='word_1_47' title='bbox 1159 769 1245 811; x_wconf 81' lang='grc' dir='ltr'><strong>τῶν</strong></span> <span class='ocrx_word' id='word_1_48' title='bbox 1271 764 1333 819; x_wconf 70' lang='grc' dir='ltr'><strong>εἰς</strong></span> <span class='ocrx_word' id='word_1_49' title='bbox 1361 785 1432 819; x_wconf 73' lang='grc' dir='ltr'><strong>ευς</strong></span> <span class='ocrx_word' id='word_1_50' title='bbox 1467 784 1582 825; x_wconf 83' lang='grc' dir='ltr'><em>συμ-</em></span> 
     </span>
     <span class='ocr_line' id='line_1_10' title="bbox 98 838 1581 903; baseline -0.001 -19"><span class='ocrx_word' id='word_1_51' title='bbox 98 843 230 903; x_wconf 75' lang='grc' dir='ltr'><em>(μόνῳ</em></span> <span class='ocrx_word' id='word_1_52' title='bbox 259 843 638 899; x_wconf 72' lang='grc' dir='ltr'><em>παραληγομένων</em></span> <span class='ocrx_word' id='word_1_53' title='bbox 667 839 915 891; x_wconf 64' lang='grc' dir='ltr'><strong>αἴτιαι-’κάς</strong></span> <span class='ocrx_word' id='word_1_54' title='bbox 943 838 1205 896; x_wconf 82' lang='grc' dir='ltr'><em>μηκύνουσι,</em></span> <span class='ocrx_word' id='word_1_55' title='bbox 1246 838 1324 891; x_wconf 81' lang='grc' dir='ltr'><strong>τὰς</strong></span> <span class='ocrx_word' id='word_1_56' title='bbox 1355 840 1400 882; x_wconf 77' lang='grc' dir='ltr'><strong>δὲ</strong></span> <span class='ocrx_word' id='word_1_57' title='bbox 1430 842 1581 883; x_wconf 75' lang='grc' dir='ltr'><em>καθα-</em></span> 
     </span>
     <span class='ocr_line' id='line_1_11' title="bbox 98 909 1582 971; baseline -0.002 -15"><span class='ocrx_word' id='word_1_58' title='bbox 98 915 176 971; x_wconf 79' lang='grc' dir='ltr'><strong>ρὰς</strong></span> <span class='ocrx_word' id='word_1_59' title='bbox 203 915 279 956; x_wconf 82' lang='grc' dir='ltr'><strong>τοῦ</strong></span> <span class='ocrx_word' id='word_1_60' title='bbox 309 930 379 963; x_wconf 55' lang='lat' dir='ltr'><strong>avg·</strong></span> <span class='ocrx_word' id='word_1_61' title='bbox 409 913 670 969; x_wconf 77' lang='grc' dir='ltr'>συναιροῦσι</span> <span class='ocrx_word' id='word_1_62' title='bbox 702 913 803 956; x_wconf 77' lang='grc' dir='ltr'><strong>λὀἆ</strong></span> <span class='ocrx_word' id='word_1_63' title='bbox 832 915 908 954; x_wconf 85' lang='grc' dir='ltr'><strong>καὶ</strong></span> <span class='ocrx_word' id='word_1_64' title='bbox 940 911 1097 963; x_wconf 52' lang='lat' dir='ltr'><strong>Mul-ta*</strong></span> <span class='ocrx_word' id='word_1_65' title='bbox 1125 912 1199 953; x_wconf 86' lang='grc' dir='ltr'><strong>καὶ</strong></span> <span class='ocrx_word' id='word_1_66' title='bbox 1212 912 1383 953; x_wconf 80' lang='grc' dir='ltr'><em>Σουνιᾶ</em></span> <span class='ocrx_word' id='word_1_67' title='bbox 1429 909 1582 963; x_wconf 69' lang='grc' dir='ltr'><em>Ἴωνες</em></span> 
     </span>
     <span class='ocr_line' id='line_1_12' title="bbox 97 981 1582 1041; baseline -0.002 -14"><span class='ocrx_word' id='word_1_68' title='bbox 97 987 144 1028; x_wconf 74' lang='grc' dir='ltr'><strong>δὲ</strong></span> <span class='ocrx_word' id='word_1_69' title='bbox 185 985 471 1027; x_wconf 78' lang='grc' dir='ltr'><em>συστέλλουσι</em></span> <span class='ocrx_word' id='word_1_70' title='bbox 513 983 593 1034; x_wconf 78' lang='grc' dir='ltr'><strong>τὰς</strong></span> <span class='ocrx_word' id='word_1_71' title='bbox 629 986 843 1041; x_wconf 75' lang='grc' dir='ltr'><strong><em>προτέρας</em></strong></span> <span class='ocrx_word' id='word_1_72' title='bbox 879 981 1046 1039; x_wconf 75' lang='grc' dir='ltr'><strong>Ἀτρεά</strong></span> <span class='ocrx_word' id='word_1_73' title='bbox 1085 985 1160 1024; x_wconf 71' lang='grc' dir='ltr'><strong>καὶ</strong></span> <span class='ocrx_word' id='word_1_74' title='bbox 1192 983 1349 1034; x_wconf 79' lang='grc' dir='ltr'><em>ΙῙηλέα</em></span> <span class='ocrx_word' id='word_1_75' title='bbox 1387 984 1582 1039; x_wconf 79' lang='grc' dir='ltr'><em>βραχέως</em></span> 
     </span>
     <span class='ocr_line' id='line_1_13' title="bbox 95 1051 1582 1112; baseline -0.001 -14"><span class='ocrx_word' id='word_1_76' title='bbox 95 1054 414 1111; x_wconf 75' lang='grc' dir='ltr'><em>λέγοντες.’Διὸ</em></span> <span class='ocrx_word' id='word_1_77' title='bbox 446 1057 522 1097; x_wconf 83' lang='grc' dir='ltr'><strong>καὶ</strong></span> <span class='ocrx_word' id='word_1_78' title='bbox 551 1055 673 1112; x_wconf 80' lang='grc' dir='ltr'><em>παρὰ</em></span> <span class='ocrx_word' id='word_1_79' title='bbox 702 1060 792 1105; x_wconf 74' lang='grc' dir='ltr'><strong>τοῖς</strong></span> <span class='ocrx_word' id='word_1_80' title='bbox 821 1057 1040 1111; x_wconf 65' lang='grc' dir='ltr'><strong>τραμκοῐς</strong></span> <span class='ocrx_word' id='word_1_81' title='bbox 1070 1051 1148 1095; x_wconf 83' lang='grc' dir='ltr'><strong>οὐκ</strong></span> <span class='ocrx_word' id='word_1_82' title='bbox 1177 1052 1421 1108; x_wconf 70' lang='grc' dir='ltr'><em>ἀναγκαῖον</em></span> <span class='ocrx_word' id='word_1_83' title='bbox 1450 1052 1582 1096; x_wconf 72' lang='grc' dir='ltr'><em>ἐκτεί-</em></span> 
     </span>
     <span class='ocr_line' id='line_1_14' title="bbox 96 1121 1582 1182; baseline -0.003 -13"><span class='ocrx_word' id='word_1_84' title='bbox 96 1141 209 1180; x_wconf 74' lang='grc' dir='ltr'><strong><em>νειν,</em></strong></span> <span class='ocrx_word' id='word_1_85' title='bbox 253 1123 293 1168; x_wconf 78' lang='grc' dir='ltr'><strong>εἰ</strong></span> <span class='ocrx_word' id='word_1_86' title='bbox 333 1126 393 1181; x_wconf 79' lang='grc' dir='ltr'><strong>μὴ</strong></span> <span class='ocrx_word' id='word_1_87' title='bbox 433 1128 593 1182; x_wconf 78' lang='grc' dir='ltr'><em>μέτρου</em></span> <span class='ocrx_word' id='word_1_88' title='bbox 634 1124 878 1181; x_wconf 63' lang='grc' dir='ltr'><em>ἀναγκάζω.</em></span> <span class='ocrx_word' id='word_1_89' title='bbox 941 1126 1035 1167; x_wconf 71' lang='grc' dir='ltr'><strong>Καὶ</strong></span> <span class='ocrx_word' id='word_1_90' title='bbox 1072 1124 1148 1175; x_wconf 82' lang='grc' dir='ltr'><strong>τὰς</strong></span> <span class='ocrx_word' id='word_1_91' title='bbox 1190 1123 1280 1166; x_wconf 78' lang='grc' dir='ltr'><strong>ἀπὸ</strong></span> <span class='ocrx_word' id='word_1_92' title='bbox 1319 1126 1406 1166; x_wconf 78' lang='grc' dir='ltr'><strong>τῶν</strong></span> <span class='ocrx_word' id='word_1_93' title='bbox 1441 1121 1502 1174; x_wconf 67' lang='grc' dir='ltr'><strong>εἰς</strong></span> <span class='ocrx_word' id='word_1_94' title='bbox 1533 1123 1582 1175; x_wconf 63' lang='grc' dir='ltr'><strong>’,ξ</strong></span> 
     </span>
     <span class='ocr_line' id='line_1_15' title="bbox 97 1194 1581 1260; baseline -0.001 -21"><span class='ocrx_word' id='word_1_95' title='bbox 97 1195 270 1252; x_wconf 81' lang='grc' dir='ltr'><em>ὁμοίως.</em></span> <span class='ocrx_word' id='word_1_96' title='bbox 300 1198 349 1239; x_wconf 81' lang='grc' dir='ltr'><strong>τὸ</strong></span> <span class='ocrx_word' id='word_1_97' title='bbox 380 1196 462 1252; x_wconf 72' lang='grc' dir='ltr'><strong>γὰρ</strong></span> <span class='ocrx_word' id='word_1_98' title='bbox 493 1198 744 1239; x_wconf 73' lang='grc' dir='ltr'><em>συστέλλειν</em></span> <span class='ocrx_word' id='word_1_99' title='bbox 772 1194 938 1237; x_wconf 59' lang='grc' dir='ltr'><em>Ἰακὸν</em></span> <span class='ocrx_word' id='word_1_100' title='bbox 978 1194 1316 1260; x_wconf 69' lang='grc' dir='ltr'><strong>Ἀριστοφάνης</strong></span> <span class='ocrx_word' id='word_1_101' title='bbox 1351 1196 1382 1236; x_wconf 84' lang='grc' dir='ltr'><em>Ι</em></span> <span class='ocrx_word' id='word_1_102' title='bbox 1384 1197 1581 1252; x_wconf 74' lang='grc' dir='ltr'><em>ὲωργοῖς.</em></span> 
     </span>
     <span class='ocr_line' id='line_1_16' title="bbox 93 1264 1581 1324; baseline 0.001 -15"><span class='ocrx_word' id='word_1_103' title='bbox 93 1270 283 1324; x_wconf 80' lang='grc' dir='ltr'><em>-καχὲτας</em></span> <span class='ocrx_word' id='word_1_104' title='bbox 327 1270 401 1310; x_wconf 82' lang='grc' dir='ltr'><strong>καὶ</strong></span> <span class='ocrx_word' id='word_1_105' title='bbox 445 1270 686 1323; x_wconf 60' lang='grc' dir='ltr'><em>μεγακλέας</em></span> <span class='ocrx_word' id='word_1_106' title='bbox 726 1269 802 1309; x_wconf 73' lang='grc' dir='ltr'><strong>καὶ</strong></span> <span class='ocrx_word' id='word_1_107' title='bbox 841 1264 1081 1321; x_wconf 80' lang='grc' dir='ltr'><em>μαλακούς.</em></span> <span class='ocrx_word' id='word_1_108' title='bbox 1157 1270 1252 1310; x_wconf 86' lang='lat' dir='ltr'><strong>Hoc</strong></span> <span class='ocrx_word' id='word_1_109' title='bbox 1292 1270 1581 1322; x_wconf 76' lang='lat' dir='ltr'><strong>Aristophanis</strong></span> 
     </span>
     <span class='ocr_line' id='line_1_17' title="bbox 99 1341 1580 1394; baseline -0.001 -12"><span class='ocrx_word' id='word_1_110' title='bbox 99 1342 332 1394; x_wconf 82' lang='lat' dir='ltr'><strong>exemplum</strong></span> <span class='ocrx_word' id='word_1_111' title='bbox 365 1343 523 1394; x_wconf 85' lang='lat' dir='ltr'><strong>primus</strong></span> <span class='ocrx_word' id='word_1_112' title='bbox 555 1357 603 1382; x_wconf 84' lang='lat' dir='ltr'><strong>ex</strong></span> <span class='ocrx_word' id='word_1_113' title='bbox 634 1343 754 1382; x_wconf 86' lang='lat' dir='ltr'><strong>codd.</strong></span> <span class='ocrx_word' id='word_1_114' title='bbox 791 1342 919 1380; x_wconf 83' lang='lat' dir='ltr'><strong>edidit</strong></span> <span class='ocrx_word' id='word_1_115' title='bbox 950 1341 1235 1381; x_wconf 84' lang='lat' dir='ltr'><strong>Gaisfordius:</strong></span> <span class='ocrx_word' id='word_1_116' title='bbox 1277 1341 1387 1393; x_wconf 90' lang='lat' dir='ltr'><strong>quod</strong></span> <span class='ocrx_word' id='word_1_117' title='bbox 1414 1342 1449 1380; x_wconf 85' lang='lat' dir='ltr'><strong>si</strong></span> <span class='ocrx_word' id='word_1_118' title='bbox 1480 1354 1580 1382; x_wconf 85' lang='lat' dir='ltr'><strong>con·</strong></span> 
     </span>
     <span class='ocr_line' id='line_1_18' title="bbox 99 1410 1580 1465; baseline 0 -13"><span class='ocrx_word' id='word_1_119' title='bbox 99 1413 258 1452; x_wconf 77' lang='lat' dir='ltr'><strong>veniret</strong></span> <span class='ocrx_word' id='word_1_120' title='bbox 297 1419 521 1465; x_wconf 85' lang='lat' dir='ltr'><strong>praecepto</strong></span> <span class='ocrx_word' id='word_1_121' title='bbox 561 1412 841 1464; x_wconf 77' lang='lat' dir='ltr'><strong>grammatici,</strong></span> <span class='ocrx_word' id='word_1_122' title='bbox 881 1418 998 1451; x_wconf 87' lang='lat' dir='ltr'><strong>certe</strong></span> <span class='ocrx_word' id='word_1_123' title='bbox 1031 1410 1268 1461; x_wconf 71' lang='grc' dir='ltr'><strong>Μεγακλέα</strong></span> <span class='ocrx_word' id='word_1_124' title='bbox 1314 1413 1580 1452; x_wconf 86' lang='lat' dir='ltr'><strong>scribendum</strong></span> 
     </span>
     <span class='ocr_line' id='line_1_19' title="bbox 100 1482 1579 1535; baseline -0.001 -13"><span class='ocrx_word' id='word_1_125' title='bbox 100 1487 248 1532; x_wconf 43' lang='lat' dir='ltr'><strong>essetf</strong></span> <span class='ocrx_word' id='word_1_126' title='bbox 275 1487 316 1522; x_wconf 87' lang='lat' dir='ltr'><strong>at</strong></span> <span class='ocrx_word' id='word_1_127' title='bbox 352 1483 515 1522; x_wconf 83' lang='lat' dir='ltr'><strong>videtur</strong></span> <span class='ocrx_word' id='word_1_128' title='bbox 552 1484 625 1522; x_wconf 89' lang='lat' dir='ltr'><strong>ille</strong></span> <span class='ocrx_word' id='word_1_129' title='bbox 656 1496 802 1535; x_wconf 81' lang='lat' dir='ltr'><strong>parum</strong></span> <span class='ocrx_word' id='word_1_130' title='bbox 834 1482 1094 1522; x_wconf 85' lang='lat' dir='ltr'><strong>considerate</strong></span> <span class='ocrx_word' id='word_1_131' title='bbox 1123 1482 1234 1522; x_wconf 87' lang='lat' dir='ltr'><strong>hunc</strong></span> <span class='ocrx_word' id='word_1_132' title='bbox 1262 1494 1424 1522; x_wconf 83' lang='lat' dir='ltr'><strong>versum</strong></span> <span class='ocrx_word' id='word_1_133' title='bbox 1457 1483 1579 1521; x_wconf 88' lang='lat' dir='ltr'><strong>adhi—</strong></span> 
     </span>
     <span class='ocr_line' id='line_1_20' title="bbox 99 1553 1580 1606; baseline -0.001 -13"><span class='ocrx_word' id='word_1_134' title='bbox 99 1555 252 1603; x_wconf 86' lang='lat' dir='ltr'><strong>buisse,</strong></span> <span class='ocrx_word' id='word_1_135' title='bbox 273 1558 354 1593; x_wconf 79' lang='lat' dir='ltr'><strong>=aut</strong></span> <span class='ocrx_word' id='word_1_136' title='bbox 385 1555 508 1593; x_wconf 90' lang='lat' dir='ltr'><strong>etiam</strong></span> <span class='ocrx_word' id='word_1_137' title='bbox 542 1555 660 1606; x_wconf 84' lang='lat' dir='ltr'><strong>plura</strong></span> <span class='ocrx_word' id='word_1_138' title='bbox 693 1560 911 1606; x_wconf 84' lang='lat' dir='ltr'><strong>praeterea</strong></span> <span class='ocrx_word' id='word_1_139' title='bbox 941 1553 1049 1605; x_wconf 87' lang='lat' dir='ltr'><strong>apud</strong></span> <span class='ocrx_word' id='word_1_140' title='bbox 1068 1553 1236 1593; x_wconf 87' lang='lat' dir='ltr'><strong>Suidam</strong></span> <span class='ocrx_word' id='word_1_141' title='bbox 1267 1553 1580 1602; x_wconf 86' lang='lat' dir='ltr'><strong>interciderunt,</strong></span> 
     </span>
     <span class='ocr_line' id='line_1_21' title="bbox 99 1623 1580 1677; baseline 0.001 -14"><span class='ocrx_word' id='word_1_142' title='bbox 99 1625 239 1676; x_wconf 87' lang='lat' dir='ltr'><strong>itaque</strong></span> <span class='ocrx_word' id='word_1_143' title='bbox 279 1624 406 1663; x_wconf 90' lang='lat' dir='ltr'><strong>nolim</strong></span> <span class='ocrx_word' id='word_1_144' title='bbox 438 1637 659 1664; x_wconf 88' lang='lat' dir='ltr'><strong>numerum</strong></span> <span class='ocrx_word' id='word_1_145' title='bbox 701 1623 903 1677; x_wconf 84' lang='lat' dir='ltr'><strong>pluralem</strong></span> <span class='ocrx_word' id='word_1_146' title='bbox 935 1624 1178 1662; x_wconf 84' lang='lat' dir='ltr'><strong>immutare:</strong></span> <span class='ocrx_word' id='word_1_147' title='bbox 1221 1629 1261 1663; x_wconf 89' lang='lat' dir='ltr'><strong>et</strong></span> <span class='ocrx_word' id='word_1_148' title='bbox 1302 1624 1384 1663; x_wconf 81' lang='lat' dir='ltr'><strong>hoc</strong></span> <span class='ocrx_word' id='word_1_149' title='bbox 1414 1623 1580 1675; x_wconf 79' lang='lat' dir='ltr'><strong>quidem</strong></span> 
     </span>
     <span class='ocr_line' id='line_1_22' title="bbox 100 1694 1579 1747; baseline 0 -13"><span class='ocrx_word' id='word_1_150' title='bbox 100 1699 289 1747; x_wconf 83' lang='lat' dir='ltr'><strong>apertum</strong></span> <span class='ocrx_word' id='word_1_151' title='bbox 329 1701 392 1734; x_wconf 84' lang='lat' dir='ltr'><strong>est</strong></span> <span class='ocrx_word' id='word_1_152' title='bbox 429 1701 596 1747; x_wconf 87' lang='lat' dir='ltr'><strong>praeter</strong></span> <span class='ocrx_word' id='word_1_153' title='bbox 636 1694 838 1747; x_wconf 73' lang='lat' dir='ltr'><strong>Megaclis</strong></span> <span class='ocrx_word' id='word_1_154' title='bbox 885 1708 1036 1733; x_wconf 88' lang='lat' dir='ltr'><strong>nomen</strong></span> <span class='ocrx_word' id='word_1_155' title='bbox 1081 1694 1162 1734; x_wconf 89' lang='lat' dir='ltr'><strong>duo</strong></span> <span class='ocrx_word' id='word_1_156' title='bbox 1201 1696 1279 1733; x_wconf 83' lang='lat' dir='ltr'><strong>alia</strong></span> <span class='ocrx_word' id='word_1_157' title='bbox 1319 1695 1579 1743; x_wconf 77' lang='lat' dir='ltr'><strong>delitescere,</strong></span> 
     </span>
     <span class='ocr_line' id='line_1_23' title="bbox 102 1759 1580 1818; baseline 0 -14"><span class='ocrx_word' id='word_1_158' title='bbox 102 1759 348 1818; x_wconf 77' lang='lat' dir='ltr'><strong>quamquam</strong></span> <span class='ocrx_word' id='word_1_159' title='bbox 390 1772 436 1805; x_wconf 88' lang='lat' dir='ltr'><strong>ut</strong></span> <span class='ocrx_word' id='word_1_160' title='bbox 466 1766 571 1805; x_wconf 85' lang='lat' dir='ltr'><strong>haec</strong></span> <span class='ocrx_word' id='word_1_161' title='bbox 601 1778 766 1818; x_wconf 84' lang='lat' dir='ltr'><strong>quoque</strong></span> <span class='ocrx_word' id='word_1_162' title='bbox 801 1765 973 1804; x_wconf 87' lang='lat' dir='ltr'><strong>eandem</strong></span> <span class='ocrx_word' id='word_1_163' title='bbox 1015 1778 1198 1804; x_wconf 86' lang='lat' dir='ltr'><strong>normam</strong></span> <span class='ocrx_word' id='word_1_164' title='bbox 1235 1771 1463 1816; x_wconf 83' lang='lat' dir='ltr'><strong>sequantur</strong></span> <span class='ocrx_word' id='word_1_165' title='bbox 1502 1765 1580 1804; x_wconf 86' lang='lat' dir='ltr'><strong>mi·</strong></span> 
     </span>
     <span class='ocr_line' id='line_1_24' title="bbox 102 1832 1578 1888; baseline 0 -13"><span class='ocrx_word' id='word_1_166' title='bbox 102 1837 211 1876; x_wconf 89' lang='lat' dir='ltr'><strong>nime</strong></span> <span class='ocrx_word' id='word_1_167' title='bbox 250 1848 354 1888; x_wconf 84' lang='lat' dir='ltr'><strong>opus</strong></span> <span class='ocrx_word' id='word_1_168' title='bbox 393 1840 480 1876; x_wconf 87' lang='lat' dir='ltr'><strong>est:</strong></span> <span class='ocrx_word' id='word_1_169' title='bbox 523 1842 564 1875; x_wconf 89' lang='lat' dir='ltr'><strong>et</strong></span> <span class='ocrx_word' id='word_1_170' title='bbox 594 1832 818 1887; x_wconf 70' lang='grc' dir='ltr'><em>μαλακοίς</em></span> <span class='ocrx_word' id='word_1_171' title='bbox 847 1836 1011 1887; x_wconf 88' lang='lat' dir='ltr'><strong>quidem</strong></span> <span class='ocrx_word' id='word_1_172' title='bbox 1038 1842 1277 1888; x_wconf 80' lang='lat' dir='ltr'><strong>corruptum</strong></span> <span class='ocrx_word' id='word_1_173' title='bbox 1320 1840 1383 1875; x_wconf 83' lang='lat' dir='ltr'><strong>est</strong></span> <span class='ocrx_word' id='word_1_174' title='bbox 1412 1848 1462 1875; x_wconf 83' lang='lat' dir='ltr'><strong>ex</strong></span> <span class='ocrx_word' id='word_1_175' title='bbox 1491 1835 1578 1875; x_wconf 84' lang='lat' dir='ltr'><strong>La-</strong></span> 
     </span>
     <span class='ocr_line' id='line_1_25' title="bbox 98 1905 1578 1958; baseline 0.001 -13"><span class='ocrx_word' id='word_1_176' title='bbox 98 1907 239 1946; x_wconf 78' lang='lat' dir='ltr'><strong>machi</strong></span> <span class='ocrx_word' id='word_1_177' title='bbox 276 1907 462 1956; x_wconf 86' lang='lat' dir='ltr'><strong>nomine,</strong></span> <span class='ocrx_word' id='word_1_178' title='bbox 503 1908 542 1946; x_wconf 90' lang='lat' dir='ltr'><strong>in</strong></span> <span class='ocrx_word' id='word_1_179' title='bbox 575 1907 647 1946; x_wconf 92' lang='lat' dir='ltr'><strong>illo</strong></span> <span class='ocrx_word' id='word_1_180' title='bbox 679 1913 816 1946; x_wconf 86' lang='lat' dir='ltr'><strong>autem</strong></span> <span class='ocrx_word' id='word_1_181' title='bbox 848 1905 1032 1958; x_wconf 75' lang='grc' dir='ltr'><em>καχὲτιις</em></span> <span class='ocrx_word' id='word_1_182' title='bbox 1062 1906 1266 1946; x_wconf 76' lang='lat' dir='ltr'><strong>Lachetis</strong></span> <span class='ocrx_word' id='word_1_183' title='bbox 1298 1906 1461 1945; x_wconf 66' lang='lat' dir='ltr'><strong>videtur</strong></span> <span class='ocrx_word' id='word_1_184' title='bbox 1491 1918 1578 1946; x_wconf 91' lang='lat' dir='ltr'><strong>me·</strong></span> 
     </span>
     <span class='ocr_line' id='line_1_26' title="bbox 90 1975 1577 2030; baseline -0.002 -13"><span class='ocrx_word' id='word_1_185' title='bbox 90 1977 228 2017; x_wconf 80' lang='lat' dir='ltr'><strong>moria</strong></span> <span class='ocrx_word' id='word_1_186' title='bbox 260 1978 494 2017; x_wconf 86' lang='lat' dir='ltr'><strong>oblitterata</strong></span> <span class='ocrx_word' id='word_1_187' title='bbox 526 1991 640 2017; x_wconf 78' lang='lat' dir='ltr'><strong>esse:</strong></span> <span class='ocrx_word' id='word_1_188' title='bbox 681 1976 738 2016; x_wconf 86' lang='lat' dir='ltr'><strong>ita</strong></span> <span class='ocrx_word' id='word_1_189' title='bbox 769 1982 812 2016; x_wconf 90' lang='lat' dir='ltr'><strong>ut</strong></span> <span class='ocrx_word' id='word_1_190' title='bbox 843 1977 927 2016; x_wconf 90' lang='lat' dir='ltr'><strong>hoc</strong></span> <span class='ocrx_word' id='word_1_191' title='bbox 958 1978 1048 2016; x_wconf 93' lang='lat' dir='ltr'><strong>loco</strong></span> <span class='ocrx_word' id='word_1_192' title='bbox 1079 1983 1204 2030; x_wconf 86' lang='lat' dir='ltr'><strong>poeta</strong></span> <span class='ocrx_word' id='word_1_193' title='bbox 1235 1982 1320 2015; x_wconf 80' lang='lat' dir='ltr'><strong>tres</strong></span> <span class='ocrx_word' id='word_1_194' title='bbox 1351 1975 1459 2015; x_wconf 74' lang='lat' dir='ltr'><strong>viros</strong></span> <span class='ocrx_word' id='word_1_195' title='bbox 1490 1975 1577 2015; x_wconf 86' lang='lat' dir='ltr'><strong>for-</strong></span> 
     </span>
     <span class='ocr_line' id='line_1_27' title="bbox 53 2046 1578 2100; baseline -0.001 -12"><span class='ocrx_word' id='word_1_196' title='bbox 53 2093 56 2095; x_wconf 13' lang='lat'><em>*</em></span> <span class='ocrx_word' id='word_1_197' title='bbox 99 2054 162 2088; x_wconf 87' lang='lat' dir='ltr'><strong>tes</strong></span> <span class='ocrx_word' id='word_1_198' title='bbox 193 2048 374 2100; x_wconf 87' lang='lat' dir='ltr'><strong>bellique</strong></span> <span class='ocrx_word' id='word_1_199' title='bbox 411 2049 618 2088; x_wconf 87' lang='lat' dir='ltr'><strong>studiosos</strong></span> <span class='ocrx_word' id='word_1_200' title='bbox 652 2049 1050 2088; x_wconf 81' lang='lat' dir='ltr'><strong>commemoraverit.</strong></span> <span class='ocrx_word' id='word_1_201' title='bbox 1111 2050 1165 2088; x_wconf 77' lang='lat' dir='ltr'><strong>Et</strong></span> <span class='ocrx_word' id='word_1_202' title='bbox 1196 2047 1357 2088; x_wconf 84' lang='lat' dir='ltr'><strong>Laches</strong></span> <span class='ocrx_word' id='word_1_203' title='bbox 1395 2046 1578 2098; x_wconf 86' lang='lat' dir='ltr'><strong>quidem,</strong></span> 
     </span>
     <span class='ocr_line' id='line_1_28' title="bbox 94 2118 1576 2171; baseline -0.003 -11"><span class='ocrx_word' id='word_1_204' title='bbox 94 2119 310 2171; x_wconf 80' lang='lat' dir='ltr'><strong>Melanopi</strong></span> <span class='ocrx_word' id='word_1_205' title='bbox 340 2119 463 2170; x_wconf 85' lang='lat' dir='ltr'><strong>filius,</strong></span> <span class='ocrx_word' id='word_1_206' title='bbox 494 2121 631 2159; x_wconf 86' lang='lat' dir='ltr'><strong>statim</strong></span> <span class='ocrx_word' id='word_1_207' title='bbox 662 2120 737 2159; x_wconf 83' lang='lat' dir='ltr'><strong>sub</strong></span> <span class='ocrx_word' id='word_1_208' title='bbox 770 2119 985 2157; x_wconf 85' lang='lat' dir='ltr'><strong>exordium</strong></span> <span class='ocrx_word' id='word_1_209' title='bbox 1020 2119 1116 2159; x_wconf 88' lang='lat' dir='ltr'><strong>belli</strong></span> <span class='ocrx_word' id='word_1_210' title='bbox 1135 2118 1474 2171; x_wconf 78' lang='lat' dir='ltr'><strong>Peloponnesiaci</strong></span> <span class='ocrx_word' id='word_1_211' title='bbox 1507 2130 1576 2156; x_wconf 85' lang='lat' dir='ltr'><strong>ex-</strong></span> 
     </span>
     <span class='ocr_line' id='line_1_29' title="bbox 94 2189 1577 2241; baseline -0.003 -9"><span class='ocrx_word' id='word_1_212' title='bbox 94 2192 262 2241; x_wconf 69' lang='lat' dir='ltr'><strong>celluit,</strong></span> <span class='ocrx_word' id='word_1_213' title='bbox 304 2192 420 2231; x_wconf 87' lang='lat' dir='ltr'><strong>cuius</strong></span> <span class='ocrx_word' id='word_1_214' title='bbox 459 2190 745 2230; x_wconf 87' lang='lat' dir='ltr'><strong>fortitudinem</strong></span> <span class='ocrx_word' id='word_1_215' title='bbox 783 2190 849 2229; x_wconf 90' lang='lat' dir='ltr'><strong>vel</strong></span> <span class='ocrx_word' id='word_1_216' title='bbox 883 2190 1065 2229; x_wconf 84' lang='lat' dir='ltr'><strong>Platonis</strong></span> <span class='ocrx_word' id='word_1_217' title='bbox 1109 2189 1182 2228; x_wconf 89' lang='lat' dir='ltr'><strong>ille</strong></span> <span class='ocrx_word' id='word_1_218' title='bbox 1212 2201 1350 2228; x_wconf 87' lang='lat' dir='ltr'><strong>sermo</strong></span> <span class='ocrx_word' id='word_1_219' title='bbox 1389 2191 1577 2228; x_wconf 81' lang='lat' dir='ltr'><strong>testatur.</strong></span> 
     </span>
     <span class='ocr_line' id='line_1_30' title="bbox 99 2259 1577 2312; baseline -0.003 -11"><span class='ocrx_word' id='word_1_220' title='bbox 99 2261 296 2302; x_wconf 82' lang='lat' dir='ltr'><strong>Lamachi</strong></span> <span class='ocrx_word' id='word_1_221' title='bbox 338 2265 477 2300; x_wconf 88' lang='lat' dir='ltr'><strong>autem</strong></span> <span class='ocrx_word' id='word_1_222' title='bbox 522 2261 715 2299; x_wconf 85' lang='lat' dir='ltr'><strong>virtutem</strong></span> <span class='ocrx_word' id='word_1_223' title='bbox 758 2261 848 2312; x_wconf 83' lang='lat' dir='ltr'><strong>ipse</strong></span> <span class='ocrx_word' id='word_1_224' title='bbox 888 2260 1187 2311; x_wconf 84' lang='lat' dir='ltr'><strong>Aristophanes</strong></span> <span class='ocrx_word' id='word_1_225' title='bbox 1230 2259 1329 2298; x_wconf 82' lang='lat' dir='ltr'><strong>satis</strong></span> <span class='ocrx_word' id='word_1_226' title='bbox 1369 2269 1577 2309; x_wconf 79' lang='lat' dir='ltr'><strong>superque</strong></span> 
     </span>
     <span class='ocr_line' id='line_1_31' title="bbox 98 2327 1574 2380; baseline -0.002 -10"><span class='ocrx_word' id='word_1_227' title='bbox 98 2331 301 2379; x_wconf 79' lang='lat' dir='ltr'><strong>illustrat,</strong></span> <span class='ocrx_word' id='word_1_228' title='bbox 339 2334 384 2368; x_wconf 87' lang='lat' dir='ltr'><strong>ut</strong></span> <span class='ocrx_word' id='word_1_229' title='bbox 421 2329 474 2368; x_wconf 91' lang='lat' dir='ltr'><strong>de</strong></span> <span class='ocrx_word' id='word_1_230' title='bbox 512 2328 579 2368; x_wconf 83' lang='lat' dir='ltr'><strong>his</strong></span> <span class='ocrx_word' id='word_1_231' title='bbox 620 2329 786 2380; x_wconf 84' lang='lat' dir='ltr'><strong>quidem</strong></span> <span class='ocrx_word' id='word_1_232' title='bbox 826 2329 988 2368; x_wconf 88' lang='lat' dir='ltr'><strong>duobus</strong></span> <span class='ocrx_word' id='word_1_233' title='bbox 1027 2329 1128 2367; x_wconf 89' lang='lat' dir='ltr'><strong>nihil</strong></span> <span class='ocrx_word' id='word_1_234' title='bbox 1167 2327 1454 2367; x_wconf 87' lang='lat' dir='ltr'><strong>disserendum</strong></span> <span class='ocrx_word' id='word_1_235' title='bbox 1499 2327 1574 2367; x_wconf 80' lang='lat' dir='ltr'><strong>sit:</strong></span> 
     </span>
     <span class='ocr_line' id='line_1_32' title="bbox 101 2389 1573 2452; baseline -0.002 -12"><span class='ocrx_word' id='word_1_236' title='bbox 101 2405 142 2440; x_wconf 82' lang='lat' dir='ltr'><strong>at</strong></span> <span class='ocrx_word' id='word_1_237' title='bbox 172 2400 226 2439; x_wconf 89' lang='lat' dir='ltr'><strong>de</strong></span> <span class='ocrx_word' id='word_1_238' title='bbox 257 2400 449 2452; x_wconf 85' lang='lat' dir='ltr'><strong>Megacle</strong></span> <span class='ocrx_word' id='word_1_239' title='bbox 479 2412 608 2451; x_wconf 89' lang='lat' dir='ltr'><strong>pauca</strong></span> <span class='ocrx_word' id='word_1_240' title='bbox 639 2399 839 2450; x_wconf 86' lang='lat' dir='ltr'><strong>quaedam</strong></span> <span class='ocrx_word' id='word_1_241' title='bbox 871 2398 1045 2437; x_wconf 87' lang='lat' dir='ltr'><strong>dicenda</strong></span> <span class='ocrx_word' id='word_1_242' title='bbox 1075 2402 1189 2446; x_wconf 84' lang='lat' dir='ltr'><strong>sunt,</strong></span> <span class='ocrx_word' id='word_1_243' title='bbox 1227 2410 1350 2449; x_wconf 85' lang='lat' dir='ltr'><strong>quem</strong></span> <span class='ocrx_word' id='word_1_244' title='bbox 1381 2389 1573 2448; x_wconf 73' lang='lat' dir='ltr'><strong>quoniam</strong></span> 
     </span>
     <span class='ocr_line' id='line_1_33' title="bbox 100 2468 1573 2521; baseline 0.001 -13"><span class='ocrx_word' id='word_1_245' title='bbox 100 2476 223 2521; x_wconf 82' lang='lat' dir='ltr'><strong>poeta</strong></span> <span class='ocrx_word' id='word_1_246' title='bbox 263 2482 357 2509; x_wconf 91' lang='lat' dir='ltr'><strong>cum</strong></span> <span class='ocrx_word' id='word_1_247' title='bbox 400 2469 606 2509; x_wconf 86' lang='lat' dir='ltr'><strong>Lamacho</strong></span> <span class='ocrx_word' id='word_1_248' title='bbox 646 2474 687 2508; x_wconf 90' lang='lat' dir='ltr'><strong>et</strong></span> <span class='ocrx_word' id='word_1_249' title='bbox 724 2482 816 2508; x_wconf 88' lang='lat' dir='ltr'><strong>cum</strong></span> <span class='ocrx_word' id='word_1_250' title='bbox 860 2469 1044 2508; x_wconf 87' lang='lat' dir='ltr'><strong>Lachete</strong></span> <span class='ocrx_word' id='word_1_251' title='bbox 1085 2468 1318 2516; x_wconf 83' lang='lat' dir='ltr'><strong>coniunxit,</strong></span> <span class='ocrx_word' id='word_1_252' title='bbox 1357 2472 1400 2507; x_wconf 87' lang='lat' dir='ltr'><strong>et</strong></span> <span class='ocrx_word' id='word_1_253' title='bbox 1437 2468 1573 2520; x_wconf 84' lang='lat' dir='ltr'><strong>ipsum</strong></span> 
     </span>
     <span class='ocr_line' id='line_1_34' title="bbox 101 2537 1571 2590; baseline -0.001 -11"><span class='ocrx_word' id='word_1_254' title='bbox 101 2540 199 2579; x_wconf 84' lang='lat' dir='ltr'><strong>belli</strong></span> <span class='ocrx_word' id='word_1_255' title='bbox 237 2540 468 2579; x_wconf 89' lang='lat' dir='ltr'><strong>studiosum</strong></span> <span class='ocrx_word' id='word_1_256' title='bbox 510 2539 642 2579; x_wconf 85' lang='lat' dir='ltr'><strong>fuisse</strong></span> <span class='ocrx_word' id='word_1_257' title='bbox 676 2543 997 2580; x_wconf 86' lang='lat' dir='ltr'><strong>consentaneum</strong></span> <span class='ocrx_word' id='word_1_258' title='bbox 1036 2544 1122 2579; x_wconf 83' lang='lat' dir='ltr'><strong>est:</strong></span> <span class='ocrx_word' id='word_1_259' title='bbox 1161 2543 1203 2578; x_wconf 92' lang='lat' dir='ltr'><strong>et</strong></span> <span class='ocrx_word' id='word_1_260' title='bbox 1234 2537 1441 2578; x_wconf 86' lang='lat' dir='ltr'><strong>Lamacho</strong></span> <span class='ocrx_word' id='word_1_261' title='bbox 1481 2539 1571 2590; x_wconf 87' lang='lat' dir='ltr'><strong>qui-</strong></span> 
     </span>
     <span class='ocr_line' id='line_1_35' title="bbox 101 2604 1572 2662; baseline -0.001 -14"><span class='ocrx_word' id='word_1_262' title='bbox 101 2610 194 2649; x_wconf 85' lang='lat' dir='ltr'><strong>dem</strong></span> <span class='ocrx_word' id='word_1_263' title='bbox 233 2610 410 2650; x_wconf 89' lang='lat' dir='ltr'><strong>eundem</strong></span> <span class='ocrx_word' id='word_1_264' title='bbox 449 2610 633 2662; x_wconf 84' lang='lat' dir='ltr'><strong>adiungit</strong></span> <span class='ocrx_word' id='word_1_265' title='bbox 673 2610 830 2650; x_wconf 89' lang='lat' dir='ltr'><strong>socium</strong></span> <span class='ocrx_word' id='word_1_266' title='bbox 860 2611 903 2650; x_wconf 90' lang='lat' dir='ltr'><strong>in</strong></span> <span class='ocrx_word' id='word_1_267' title='bbox 935 2609 1270 2650; x_wconf 81' lang='lat' dir='ltr'><strong>Acharuensihus</strong></span> <span class='ocrx_word' id='word_1_268' title='bbox 1303 2622 1339 2649; x_wconf 84' lang='lat' dir='ltr'><strong>v.</strong></span> <span class='ocrx_word' id='word_1_269' title='bbox 1369 2609 1473 2649; x_wconf 79' lang='lat'>612:</span> <span class='ocrx_word' id='word_1_270' title='bbox 1517 2604 1572 2647; x_wconf 79' lang='grc' dir='ltr'><strong>Τί</strong></span> 
     </span>
     <span class='ocr_line' id='line_1_36' title="bbox 101 2668 1570 2734; baseline 0.002 -18"><span class='ocrx_word' id='word_1_271' title='bbox 101 2675 178 2717; x_wconf 76' lang='grc' dir='ltr'><strong>δαὶ</strong></span> <span class='ocrx_word' id='word_1_272' title='bbox 215 2676 461 2734; x_wconf 81' lang='grc' dir='ltr'><em>Δράκυλλος</em></span> <span class='ocrx_word' id='word_1_273' title='bbox 493 2674 756 2734; x_wconf 69' lang='grc' dir='ltr'><em>κεύφορίδης</em></span> <span class='ocrx_word' id='word_1_274' title='bbox 799 2680 874 2718; x_wconf 84' lang='grc' dir='ltr'><strong>καὶ</strong></span> <span class='ocrx_word' id='word_1_275' title='bbox 917 2676 1161 2734; x_wconf 70' lang='grc' dir='ltr'><em>Πρινίδηςς</em></span> <span class='ocrx_word' id='word_1_276' title='bbox 1210 2668 1340 2718; x_wconf 76' lang='grc' dir='ltr'><strong><em>Εἶόέν</em></strong></span> <span class='ocrx_word' id='word_1_277' title='bbox 1378 2691 1444 2726; x_wconf 81' lang='grc' dir='ltr'><strong>τις</strong></span> <span class='ocrx_word' id='word_1_278' title='bbox 1482 2679 1570 2729; x_wconf 77' lang='lat' dir='ltr'><strong>(ita</strong></span> 
     </span>
     <span class='ocr_line' id='line_1_37' title="bbox 100 2740 1571 2804; baseline 0 -16"><span class='ocrx_word' id='word_1_279' title='bbox 100 2748 220 2802; x_wconf 77' lang='lat' dir='ltr'><strong>lego,</strong></span> <span class='ocrx_word' id='word_1_280' title='bbox 243 2752 378 2804; x_wconf 69' lang='lat' dir='ltr'><strong>·vulgo</strong></span> <span class='ocrx_word' id='word_1_281' title='bbox 417 2740 564 2801; x_wconf 62' lang='grc' dir='ltr'><em>οἶδεν)</em></span> <span class='ocrx_word' id='word_1_282' title='bbox 605 2746 726 2803; x_wconf 71' lang='grc' dir='ltr'><strong>ὑμῶν</strong></span> <span class='ocrx_word' id='word_1_283' title='bbox 764 2745 1011 2803; x_wconf 73' lang='grc' dir='ltr'><strong>τάκβάταν’</strong></span> <span class='ocrx_word' id='word_1_284' title='bbox 1043 2745 1072 2800; x_wconf 70' lang='grc' dir='ltr'><em>ἢ</em></span> <span class='ocrx_word' id='word_1_285' title='bbox 1109 2747 1210 2798; x_wconf 78' lang='grc' dir='ltr'><em>τοὺς</em></span> <span class='ocrx_word' id='word_1_286' title='bbox 1252 2745 1464 2802; x_wconf 73' lang='grc' dir='ltr'><strong><em>Χαόναςς</em></strong></span> <span class='ocrx_word' id='word_1_287' title='bbox 1505 2743 1571 2789; x_wconf 81' lang='grc' dir='ltr'><strong>Οὔ</strong></span> 
     </span>
    </p>
   </div>
  </div>
 </body>
</html>
