1716 3164
199 169 284 210 988
724 171 1079 213 AmSTOPHAN
1085 172 1131 213 IS

198 282 362 332 ruptum
401 279 576 328 videtur.
641 281 717 321 Est
756 286 890 320 autem
929 281 1007 320 hoe
1044 295 1205 324 carmen
1248 286 1537 336 agricolarum,
1576 288 1644 338 qui

198 350 308 402 pacis
337 349 443 388 bona
472 350 637 390 laudant
666 354 792 402 utque
824 351 900 390 sibi
931 352 1143 403 obtingant
1172 357 1323 404 optant,
1353 355 1403 394 ad
1433 356 1641 406 Euripidis

198 417 501 477 similitudinem
536 420 816 472 compositum,
845 421 953 472 a'pud
984 433 1104 471 quem
1136 413 1174 461 in
1193 423 1447 475 Cresphonte
1476 425 1641 477 Fragm.

198 488 274 529 XV
302 488 357 526 ita
386 489 492 527 canit
522 489 696 528 chorus:

253 551 418 609 Εἰρήνη
446 552 729 606 βαθύπλουτε
758 555 831 595 καὶ
861 553 1079 596 καλλίστα
1108 553 1316 611 μακάρων
1344 557 1464 598 θεῶν

254 621 377 674 ζῆλος
403 638 478 676 μοι
510 625 662 675 σέθεν,
691 621 750 672 ὥς
773 622 989 678 χρονίζεις.

197 696 255 736 ita
284 697 391 735 enim
422 707 562 736 versus
591 696 834 747 disponendi
863 701 980 744 sunt,
1011 700 1053 736 et
1082 695 1132 735 ad
1162 696 1331 736 eandem
1363 710 1543 738 normam
1573 711 1643 739 an-

198 764 421 816 tistropha:

258 829 351 872 Τὰν
379 827 424 869 δ’
455 827 623 885 ἐχθρὰν
663 826 819 870 στάσιν
847 821 953 884 ιῖργ’
986 827 1066 871 ἀπ’
1098 830 1226 871 οἴκων
1262 832 1342 872 τὰν
1376 835 1646 888 μαινομέναν

969 896 1012 939 τ’
1041 898 1129 955 ἔριν

257 965 412 1024 θηκτῷ
439 966 706 1020 τερπομέναν
734 963 910 1023 σιδάρῳ.

200 1039 342 1079 finitur
371 1037 477 1077 enim
511 1038 679 1090 stropha
707 1038 788 1078 hoe
816 1052 955 1079 versu:

245 1103 352 1146 Ἴθι
381 1119 457 1158 μοι
487 1102 644 1145 πότνια
675 1102 819 1146 πάλιν.

197 1177 333 1229 Vulgo
368 1187 558 1216 versuum
585 1178 689 1216 ratio
727 1188 893 1229 prorsus
931 1175 1162 1217 oblitterato
1198 1181 1282 1226 est3
1321 1178 1472 1231 legitut
1511 1178 1643 1219 enim:

199 1243 271 1286 ἴθι
301 1257 378 1298 μοι
407 1238 565 1284 πότνια
596 1240 757 1295 πόλιν
785 1241 965 1285 τάνδε.

890 1335 960 1376 IX.

365 1422 420 1463 A.
443 1415 505 1462 “0
533 1435 612 1462 του
640 1421 760 1462 δοκεῖ
784 1435 854 1462 σοι
883 1421 974 1462 δεῖν
1000 1419 1193 1477 μάλιστα
1222 1421 1275 1480 τῇ
1303 1423 1449 1478 πόλεις

363 1504 420 1546 Β.
443 1501 575 1558 Ἐμοὶ
602 1506 683 1558 μὲν
711 1501 850 1545 αἳνειν
876 1503 1061 1558 μολγὸν·
1091 1502 1168 1546 οὐκ
1197 1502 1404 1557 ἅκήκοαςς

309 1590 537 1631 Scholiasta
565 1591 721 1642 Equitt.
761 1603 798 1630 v.
829 1591 933 1633 ⁰59:
976 1588 1158 1642 Μολγὸν
1192 1590 1423 1643 γενέσθαι]
1459 1588 1645 1645 Σύμμα-

196 1670 273 1711 χος
291 1669 302 1681 ·
340 1654 448 1697 ἔοικε
485 1653 678 1711 χρησμός
715 1671 780 1705 τις
807 1648 937 1698 εἶναι·
975 1657 1022 1697 ἐν
1049 1657 1130 1713 γὰρ
1159 1660 1247 1707 τοῖς
1278 1659 1484 1714 Γεωργοῖς
1512 1654 1645 1709 οὕτως

199 1724 297 1781 ἔχει.
342 1720 406 1766 ‘'(J
443 1740 502 1782 τῳ
541 1725 662 1767 δοκεῖ
696 1739 767 1767 σοι
804 1726 894 1767 δεῖν
931 1725 1122 1779 μάλιστα
1159 1727 1211 1785 τῇ
1251 1725 1394 1779 πόλει,
1432 1729 1530 1781 ἐμοὶ
1565 1733 1644 1784 μὲν

198 1795 270 1837 ἐπὶ
300 1793 377 1836 τὸν
403 1793 567 1849 μολγὸν
595 1787 707 1836 εἶναι
735 1792 812 1836 οὐκ
841 1793 1042 1846 ἀκήκοας.
1109 1800 1264 1839 Locum
1294 1800 1532 1853 impeditum
1562 1814 1642 1840 non

198 1862 481 1907 restituerunt
497 1867 683 1906 homines
714 1867 843 1916 docti,
881 1868 958 1907 nisi
989 1869 1097 1919 quod
1126 1868 1328 1909 Brunkios
1369 1861 1495 1908 ὅτου
1528 1874 1643 1909 reete

199 1936 373 1988 sei-ipsit.
437 1938 618 1988 Apparet
647 1941 782 1976 autem
814 1949 861 1976 ex
891 1938 1085 1988 Equitum
1115 1939 1298 1978 versibus
1327 1939 1534 1978 oraculum
1563 1931 1643 1978 hoe

200 2017 364 2057 quoque
402 2005 515 2054 loco,
554 2006 624 2045 ubi
653 2006 733 2046 duo
764 2005 815 2044 «le
845 2005 1094 2057 reipublicae
1123 2006 1255 2045 salute
1284 2007 1539 2054 consultant,
1575 2019 1642 2045 re-

200 2075 323 2126 spici:
364 2071 464 2113 KA.
497 2070 576 2120 Μὴ
609 2068 719 2122 δῆτά
749 2069 813 2112 πώ
844 2069 901 2124 γ’,
933 2062 966 2111 ὦ
998 2060 1194 2123 δέσποτ’,
1223 2069 1439 2125 ἀναβολαῖ,
1469 2069 1515 2113 o'
1548 2070 1644 2125 ἐγώ,

199 2141 319 2196 Πρὶν
356 2137 412 2180 ἄν
435 2155 480 2193 γε
518 2140 604 2182 τῶν
634 2140 841 2195 χρησμῶν
868 2137 1055 2197 ἀκούσῃς
1083 2139 1168 2180 τῶν
1197 2140 1322 2194 ἐμῶν.
1377 2141 1520 2184 ΑΛΛ.
1552 2141 1646 2183 Καὶ

203 2210 291 2251 τῶν
318 2208 432 2264 ἐμῶν
462 2208 551 2250 νῖν.
617 2209 708 2249 ΚΔ.
745 2205 870 2249 Ἀλλ’
902 2207 978 2248 ἐὰν
1007 2205 1143 2265 τούτῳ
1173 2207 1291 2265 πίθῃ
1321 2208 1503 2263 Μολγὸν
1531 2212 1645 2263 γενέ-

203 2277 321 2319 σθαι
351 2275 420 2316 δεῖ
442 2290 502 2317 σε.
542 2280 803 2319 manifestum
833 2284 968 2320 autem
999 2285 1061 2320 est
1088 2277 1252 2333 μολγὸν
1280 2281 1322 2321 in
1351 2285 1524 2334 utroque
1552 2283 1643 2323 loco

203 2348 306 2390 nihil
336 2347 444 2388 aliud
473 2348 726 2399 significare,
767 2362 887 2400 quam
923 2343 1082 2398 ἀσκόν,
1119 2350 1177 2390 ita
1204 2353 1250 2389 ut
1279 2354 1440 2390 ceterae
1469 2352 1644 2403 expliea-

202 2419 348 2466 tiones,
379 2428 476 2469 quas
500 2418 751 2468 grammatici
773 2419 993 2457 commenti
1022 2422 1127 2467 tunt,
1157 2431 1322 2470 prorsus
1350 2420 1431 2459 sint
1458 2421 1644 2459 reiioien-

203 2488 301 2528 dae=
340 2495 463 2538 atque
501 2487 646 2526 eodem
684 2487 803 2526 modo
843 2491 1079 2537 usurpatum
1118 2487 1245 2527 fuisse
1285 2489 1325 2527 in
1357 2489 1521 2527 oraculo
1558 2488 1644 2537 illo,

203 2556 311 2608 quod
339 2556 631 2608 Aristophanes
661 2560 834 2608 utroque
858 2556 949 2595 loco
979 2556 1198 2608 signifieat,
1229 2557 1405 2597 ostendit
1434 2557 1578 2596 Pollux
1607 2558 1644 2598 X

205 2625 311 2665 1872
350 2622 485 2664 Οὐδὲν
520 2621 673 2665 κωλύει
694 2625 782 2671 >καὶ
821 2620 985 2677 μολγὸν
1021 2619 1177 2675 εἰπεῖν,
1217 2618 1264 2672 ὅς
1299 2623 1390 2664 ἐστι
1426 2622 1539 2663 κατὰ
1565 2621 1646 2674 τὴν

205 2691 291 2733 τῶν
325 2691 605 2747 Ταραντίνων
637 2692 832 2746 γλῶτταν
859 2691 1000 2746 βόειος
1029 2690 1163 2741 ἀσκὸς
1193 2719 1246 2726 --
1273 2691 1348 2733 καὶ
1375 2688 1644 2749 Ἀριστοφά-
