1716 3164
230 182 314 224 880
759 183 1185 230 APOLLOPHANIS

549 379 1363 437 1‹D1PEP52N.*)

940 507 972 547 Ι.

559 582 756 627 Κύαθον
783 583 964 643 λάβοιμι
993 588 1083 636 τοῖς
1111 583 1337 635 ὑπωπίοις.

336 696 566 738 Scholiasta
605 698 710 741 Ven.
747 700 1031 753 Aristophanis
1070 700 1166 740 Pac.
1195 699 1302 739 534:
1346 696 1392 738 ἐν
1434 694 1675 754 ὀξυβάφοις

219 764 397 820 χαλκοῖς
431 763 487 805 τὰ
522 762 698 807 ὑπώπια
735 763 1044 823 ἀνατρίβοντες
1071 762 1100 816 ἢ
1128 763 1339 815 τοιούτοις
1378 767 1494 808 τισὶν
1521 764 1674 824 ἀφανῆ

224 835 414 878 ποιοῦσι.
476 835 551 876 καὶ
590 831 935 893 Ἀπολλοφάνης
983 837 1029 878 ἐν
1064 834 1324 891 Ἰφιγὲροντι
1360 833 1555 878 Κύαθον
1592 836 1673 879 λά-

223 905 347 959 βοιμι
375 905 464 953 τοῖς
495 901 719 955 ὑπωπίοις.
775 909 933 950 Eadem
963 908 1036 949 sed
1066 909 1216 949 omisso
1245 907 1409 949 fabulae
1438 908 1558 950 titulo
1578 910 1671 951 Sui-

223 977 294 1018 das
322 990 356 1018 s.
384 990 423 1018 v,
451 971 724 1026 ὑπωπιάζειν.

919 1061 972 1101 Π.

331 1144 602 1197 Harpocratio
643 1160 684 1198 p.
713 1143 754 1194 5,
783 1145 823 1185 9.
869 1138 1234 1197 Ἀδελφίζεινε
1285 1137 1476 1196 ἀδελφὸν
1522 1144 1668 1185 καλεῖν

220 1207 329 1267 παρ’
361 1208 602 1268 Ἰσοκράτει
629 1239 684 1247 --
713 1212 787 1252 καὶ
806 1207 1042 1268 Στράττιδι
1068 1206 1097 1260 ἢ
1123 1207 1448 1265 Ἀπολλοφάνει
1477 1210 1523 1252 ἐν
1550 1210 1664 1270 Ἰφι-

217 1282 403 1338 γὲροντι.
460 1285 657 1337 Respexit
686 1284 767 1323 huc
797 1283 969 1323 Photius
1000 1283 1099 1323 Lex.
1128 1295 1169 1335 p.
1192 1283 1219 1321 8
1249 1282 1324 1322 15:
1353 1278 1667 1337 ἁδελφίζειν

217 1349 268 1393 τὸ
310 1348 504 1407 ἀδελφόν
546 1365 645 1392 τινα
694 1350 862 1399 πυκνῶς
902 1351 977 1391 καὶ
1020 1349 1346 1405 θεραπευτικῶς
1387 1349 1544 1395 καλεῖν.
1615 1351 1668 1395 οὐ

216 1418 330 1476 μόνη
359 1418 386 1472 ἡ
415 1420 619 1478 κωμῳδία
648 1417 760 1462 ἀλλὰ
788 1421 862 1462 καὶ
892 1421 934 1461 οἱ
949 1416 1123 1476 ῥήτορες
1151 1418 1204 1476 τῇ
1232 1418 1340 1470 λέξει
1369 1416 1505 1477 ταύτῃ
1529 1422 1666 1477 χρῶν-

217 1505 304 1534 ται.
372 1493 669 1533 Grammaticus
709 1493 884 1532 Bekkeri
914 1492 1069 1532 Anecd.
1099 1504 1139 1542 p.
1170 1490 1250 1529 341
1290 1491 1358 1530 24.
1398 1484 1665 1546 Ἀδελφέ-

216 1560 351 1611 ζεινε
389 1557 488 1601 ἀντὶ
524 1559 602 1601 τοῦ
636 1557 830 1616 ἀδελφὸν
866 1558 1022 1600 καλεῖν.
1081 1551 1217 1606 οὕτως
1250 1554 1500 1614 Ἰσοκράτης
1535 1563 1609 1603 καὶ
1638 1561 1663 1605 ὁ

218 1626 437 1682 Μιλήσιος
465 1633 527 1684 (2²)
555 1626 782 1686 ἐχρήσατο.
842 1629 916 1671 Csr
945 1630 1053 1670 Hist.
1083 1631 1172 1669 crit.
1201 1642 1242 1682 p.
1272 1631 1367 1670 226.

665 1888 1216 1932 ΚΡΗΤΕΣ.

916 2012 949 2052 1.

1094 2088 1332 2148 Πρώτιστα
1362 2092 1408 2134 δὲ

377 2174 462 2217 τῶν
489 2172 706 2231 μυρρινῶν
733 2173 804 2216 ἐπὶ
832 2173 913 2227 τὴν
940 2171 1153 2232 τράπεζαν
1181 2172 1411 2231 βούλομαι,

375 2256 427 2309 ἅς
457 2255 714 2314 διαμασῶμ’
748 2253 856 2300 ὅταν
884 2274 927 2301 τι
956 2257 1176 2314 βουλεύειν
1206 2258 1292 2316 δὲῃ,

374 2342 451 2393 τὰς
480 2340 699 2400 φιβάλεως
728 2342 775 2384 δὲ
804 2341 920 2384 πάνυ
947 2341 1081 2392 καλὰς
1109 2340 1477 2399 στεφανωτρίδας.

318 2457 554 2498 Athenaeus
584 2456 645 2496 111
675 2469 716 2508 p.
746 2455 862 2495 750:
899 2455 974 2495 καὶ
1010 2452 1087 2503 τὰς
1121 2451 1330 2509 μυρρίνας
1366 2453 1412 2494 δὲ
1441 2454 1655 2510 φιβαλέας

207 2522 426 2576 λέγουσιν,
465 2522 522 2572 ῶς
559 2519 896 2578 ’Λπολλοφάνης
933 2523 979 2564 ἐν
1016 2522 1163 2579 Κρησί
1204 2521 1443 2579 Πρώτιστα
1479 2524 1525 2565 δὲ
1561 2525 1653 2569 κτλ.

207 2594 442 2647 Legebatur
475 2590 762 2648 Ἀντιφάνης.
819 2595 870 2637 V.
900 2596 1007 2639 nist.
1039 2597 1128 2636 crit.
1159 2609 1199 2648 p.
1231 2597 1324 2635 267.
1383 2595 1456 2637 Vs.
1485 2596 1513 2635 2
1550 2591 1655 2649 βού-

295 2736 330 2783 *)
355 2739 396 2773 V.
420 2739 509 2775 Hist.
534 2741 608 2774 crit.
633 2753 665 2784 p.
691 2741 769 2774 266.
