1716 3164
191 150 274 198 im
707 157 1061 200 ARISTOPHAN
1068 159 1115 200 is

189 266 259 307 ’νὸι
293 260 425 307 εἰσίν·
468 265 511 305 οὶ
548 264 629 321 γὰρ
667 265 786 322 παρὰ
817 266 875 324 τῷ
896 264 1044 324 Ἴστρῳ
1071 264 1284 319 οἰκοῦντες
1312 268 1531 323 στίζονται
1556 274 1632 314 καὶ

191 334 406 383 ποικίλαις
448 333 663 385 ἐσθήσεσι
701 336 903 391 χρῶνται.
975 335 1200 385 Διονύσιος
1242 339 1288 379 δέ
1330 354 1491 394 φησιν,
1540 341 1631 384 ἐπεὶ

190 402 394 460 πρότερός
422 419 486 453 τις
510 402 752 460 Ἰστριανὸς
772 406 960 460 λέγεται,
990 405 1013 447 ὁ
1043 404 1210 456 λευκός,
1239 407 1337 448 κατ’
1369 408 1633 467 ἀντίφρασιν

187 471 405 530 εἰρῆσθαι
427 471 484 523 ὠς
511 475 695 532 καθαρὰ
724 477 796 517 καὶ
827 475 953 517 λευκὰ
982 475 1036 516 τὰ
1062 477 1262 532 μέτωπα,
1306 477 1558 521 τούναντίον
1587 480 1633 521 δὲ

189 545 396 585 νοεῖσθαι
439 543 683 598 ἐστιγμένα.
755 549 870 588 Haec
917 562 1078 600 quoque
1118 550 1260 601 aliquis
1306 552 1356 590 de
1401 552 1631 603 Babyloniis

189 618 442 666 coniectavit‚
473 630 644 668 quorum
674 617 830 657 frontes
848 618 1108 657 istrianorum
1133 620 1393 660 barbarorum
1424 621 1632 661 hominum

188 688 368 740 speciem
399 686 557 726 referre
588 687 700 726 dixit.
758 686 884 725 Petiit
914 693 1047 726 autem
1078 688 1148 727 illa
1175 689 1405 740 Hesychius
1436 703 1484 729 ex
1513 690 1631 729 scho-

187 757 252 797 liis
283 757 581 808 Dionysiusque
619 756 780 794 videtur
812 757 998 807 Zopyrus
1036 758 1105 795 ille
1136 770 1247 805 esse,
1287 759 1401 798 cuius
1429 759 1632 811 interpre-

187 826 364 865 tationes
393 825 513 863 etiam
542 825 637 863 aiibi
657 831 953 876 proponuntur,
984 826 1075 865 vide
1105 826 1233 865 schol.
1253 828 1487 869 Avv.1295.
1518 829 1631 868 idem

186 894 361 934 fortasse
400 893 559 944 scripsit
598 888 869 944 μονόβιβλον
909 894 1005 946 περὶ
1047 891 1126 932 τοῦ
1157 893 1345 948 χαίρειν,
1384 897 1465 938 vid.
1501 898 1630 938 schol.

189 964 298 1004 Plut.
328 963 424 1002 332.
492 962 497 965 ’

759 1046 828 1087 1V.
885 1047 934 1088 V.
992 1047 1062 1088 vl.

297 1135 468 1175 Photius
487 1146 526 1184 p.
542 1132 626 1172 538
654 1134 730 1173 20:
759 1130 968 1184 Στὶγων
997 1137 1139 1188 (vulgo
1170 1129 1362 1185 στιγών),
1391 1132 1415 1174 ὁ
1445 1147 1632 1188 στιγμα-

185 1199 294 1249 τίας.
339 1196 656 1252 Βαβυλωνίοις.
723 1203 961 1243 Eustathius
990 1219 1030 1257 p.
1063 1205 1172 1245 1542
1200 1205 1277 1243 48:
1321 1199 1443 1242 Οὕτω
1483 1201 1527 1243 δὲ
1556 1204 1632 1244 καὶ

184 1268 209 1312 6
239 1267 414 1326 γράψας
453 1263 522 1310 ὅτι
561 1268 763 1322 στίγων
798 1271 871 1311 καὶ
910 1272 1088 1312 πέόων
1126 1272 1279 1321 δοῦλος
1313 1270 1336 1313 ὸ
1375 1271 1633 1327 στιγματίας

182 1341 258 1381 καὶ
295 1335 534 1390 πεδήτης
571 1337 688 1392 παρὰ
722 1337 1055 1394 Ἀριστοφάνει,
1100 1339 1198 1394 μετ’
1235 1339 1359 1394 ὀλίγα
1395 1342 1525 1395 λέγει,
1562 1337 1632 1385 ὅτι

181 1408 394 1463 τριπὲδων
429 1406 452 1448 ὁ
491 1406 729 1462 τρίόουλος.
796 1414 976 1463 Apparet
1017 1425 1065 1451 ex
1103 1413 1306 1452 Eustathii
1345 1413 1435 1453 ioco
1472 1415 1629 1454 Aristo-

181 1481 355 1533 phanem
386 1479 506 1518 etiam
535 1476 677 1517 πὲὃων
706 1485 747 1519 et
777 1476 961 1529 πεδήτης
991 1482 1159 1529 dixisse,
1198 1482 1286 1521 sine
1327 1482 1451 1521 dubio
1480 1484 1522 1523 in
1552 1484 1630 1524 hac

181 1550 268 1602 ipsa
304 1548 464 1587 fabula:
504 1553 545 1587 et
584 1548 760 1588 fortasse
798 1549 900 1588 haec
939 1546 1099 1599 στέγων
1135 1549 1208 1588 καὶ
1238 1548 1380 1589 πέδων
1409 1553 1628 1601 coniunxit,

182 1619 235 1658 de
264 1618 402 1670 priore
431 1618 627 1657 vocabulo
659 1618 763 1657 adde
790 1619 979 1658 Eustath.
1009 1633 1049 1671 p.
1078 1620 1160 1658 725
1189 1620 1270 1659 32:
1302 1616 1462 1671 στίγων
1490 1618 1632 1660 εἴτουν

183 1684 445 1738 στιγματίας
488 1691 530 1726 et
559 1687 792 1738 Hesychius
827 1682 1006 1738 στι-γών·
1043 1685 1290 1739 μαστιγίας.
1354 1692 1487 1742 Atque
1523 1691 1630 1731 inte-

181 1769 298 1809 grum
330 1769 490 1795 versum
520 1757 724 1796 vindicare
754 1769 968 1808 possumus
997 1754 1144 1810 poetae
1173 1771 1222 1797 ex
1251 1759 1394 1798 eodem
1414 1760 1629 1799 Eustathio

180 1839 220 1879 p.
251 1826 329 1865 911
362 1826 439 1864 4⁰:
480 1823 572 1864 Καὶ
609 1818 724 1872 ἰτέας
763 1825 808 1865 δέ
847 1837 968 1871 τινας
1004 1822 1196 1874 ἀσπίδας
1225 1825 1376 1874 Αἴλιος
1404 1824 1629 1877 Διονύσιος

182 1894 351 1949 ἱστορεῖ,
383 1894 527 1948 φέρων
555 1894 628 1933 καὶ
652 1892 809 1948 χρῆσιν
837 1893 882 1946 ἐξ
908 1891 1258 1950 Ἀριστοφάνους
1285 1893 1473 1946 ταύτην·

507 1959 651 2017 Ἀνὴρ
680 1959 866 2013 πεδήτης
893 1957 1013 2003 ἰτέαν
1041 1964 1291 2018 ἐνημμένος.

180 2034 262 2074 iam
291 2033 550 2073 manifestum
581 2040 643 2074 est
672 2035 792 2074 etiam
835 2034 876 2074 in
906 2034 976 2074 illo
1007 2035 1208 2075 Eustathii
1246 2035 1360 2084 loco,
1397 2047 1518 2086 quem
1554 2047 1623 2075 su-

178 2116 253 2156 pra
280 2102 496 2154 adscripsi,
537 2102 699 2142 Aelium
730 2103 964 2155 Dionysium
994 2109 1201 2144 auctorem
1230 2116 1342 2152 esse,
1379 2109 1421 2145 et
1448 2103 1623 2145 fortasse

178 2172 299 2214 etiam
328 2172 430 2213 iliud
458 2170 669 2224 τριπέὸων
697 2172 982 2225 Aristophanis
1011 2178 1086 2214 est.

847 2294 939 2336 Vll.

290 2364 350 2414 ςΗ
377 2388 463 2417 που
490 2373 603 2416 κατὰ
631 2370 828 2428 στοίχους
855 2371 1132 2430 κεκράξονταί
1162 2389 1204 2416 τι
1233 2371 1512 2431 βαρβαριστί.

281 2486 453 2528 Photius
479 2502 522 2541 p.
535 2489 617 2528 540
645 2487 697 2525 2:
727 2483 930 2538 Στοῐχος·
965 2483 1122 2539 στίχος.
1174 2479 1506 2541 Ἀριστοφάνης
1523 2480 1623 2521 Βα-

173 2551 422 2606 βυλωνίοις·
455 2545 532 2595 5II
563 2569 649 2595 nov
684 2553 774 2594 κτλ.
832 2555 1088 2606 Hesychius:
1125 2550 1237 2592 κατὰ
1285 2550 1476 2605 στίχους·
1514 2547 1625 2590 κατὰ

172 2618 324 2671 τάξεις.
385 2630 499 2666 recte
529 2626 764 2665 Dindorflus
791 2620 903 2662 κατὰ
932 2621 1131 2676 στοίχους
1158 2622 1346 2663 correxit.
1417 2621 1523 2661 Dicit
1552 2633 1623 2661 au-

173 2693 256 2732 tem
292 2692 395 2733 haec
437 2694 602 2746 aliquis,
650 2694 720 2746 qui
769 2696 981 2745 exspectat
1024 2693 1193 2733 chorum
1226 2689 1544 2743 Babyloniorum
1581 2690 1624 2731 in
