1716 3158
533 168 798 212 FABULAE
831 167 1136 210 1NOER'1'AE.
1465 164 1578 205 119⁰

101 285 176 327 καὶ
203 279 329 325 ἄλλοι
369 282 416 324 δὲ
453 282 760 340 κωμῳδοποιοὶ
801 278 973 333 ἔδειξαν
1009 277 1092 331 τὴν
1119 276 1315 321 ἀτοπίαν
1351 274 1438 318 τῶν
1465 272 1577 331 μετὰ

99 354 240 397 ταῦτα
270 353 351 406 τὴν
381 353 597 410 μουσικὴν
619 348 1119 408 κατακεκερματικότων.
1176 354 1387 395 Summam
1417 353 1578 391 tantum

100 429 343 479 sententiae,
375 442 496 482 quam
519 426 817 480 Aristophane·
848 427 1077 479 proposuit,
1109 424 1358 464 Plutarchus
1388 421 1578 469 exhibet3

100 513 192 540 nam
231 501 291 539 illi
332 512 497 549 versus,
536 500 604 551 qui
648 499 978 550 subsequuntur,
1012 508 1115 548 quos
1154 481 1278 548 vulgo
1310 489 1578 545 Aristophani

100 572 300 621 tribuunt,
330 569 593 611 Pherecratis
625 573 733 618 sunt,
765 569 845 609 vid.
879 569 1078 609 Meineke
1111 565 1149 606 11
1183 566 1204 605 l
1238 579 1279 619 p.
1311 564 1395 603 332
1426 575 1513 615 sqq.

763 681 889 722 XCV.

215 773 446 814 Scholiasta
466 772 585 812 Pacis
618 785 653 811 v.
682 771 815 810 1081:
848 763 1193 809 Διακαυνιάσαι·
1225 795 1279 801 -
1308 765 1473 808 καῦνον
1500 765 1579 809 τὸν

100 840 260 899 κλῆρόν
288 856 415 898 φασι.
474 843 549 883 καὶ
578 840 624 882 ἐν
655 837 803 889 ἄλλοις
835 836 1022 888 Πόσος
1053 836 1175 881 ἔσθ’
1206 835 1230 880 ὁ
1260 838 1492 892 καῦνος,·

761 956 912 998 XCVI.

521 1038 688 1082 Ἀλοᾶν
714 1038 798 1097 χρὴ
828 1038 906 1089 τὰς
937 1036 1153 1094 γνάθους.

211 1135 512 1176 Grammaticus
543 1137 721 1176 Bekkeri
752 1150 791 1189 p.
822 1135 906 1175 384
936 1134 984 1173 3:
1024 1129 1219 1173 Ἀλοῶν·
1258 1125 1359 1170 ἀντὶ
1390 1127 1469 1169 τοῦ
1499 1143 1577 1170 πε-

98 1201 274 1261 ριάγων,
302 1202 360 1255 ὠς
391 1206 432 1247 οἱ
461 1203 581 1246 αλοιιῖ
586 1219 677 1254 ντες
708 1203 821 1258 βόες.
881 1198 1020 1253 οὕτως
1042 1198 1379 1259 Ἀριστοφάνης
1406 1197 1578 1242 Ἀλοᾶν

95 1275 186 1319 κτλ.

750 1333 920 1375 XCVII.

219 1414 361 1473 Φράζε
391 1415 563 1465 τοίνυν,
602 1413 659 1467 ὠς
688 1414 767 1471 ἐγώ
801 1431 871 1458 σοι
905 1416 989 1466 πᾶς
1018 1415 1285 1473 ἀνέρριμμαι
1315 1412 1460 1470 κύβος.

213 1512 514 1553 Grammaticus
557 1513 736 1553 Bekkeri
779 1525 820 1565 p.
852 1511 938 1551 398
967 1513 1047 1552 26:
1087 1505 1379 1563 Ἀνέρριπται
1423 1503 1576 1560 κύβος·

100 1573 196 1622 οἷον
237 1577 666 1624 ἀποκεκινὸύνευται.
738 1578 1076 1638 Ἀριστοφάνης
1118 1577 1260 1637 Φράζε
1299 1577 1450 1620 τοίνυν
1486 1577 1577 1619 κτλ.

102 1655 259 1696 Eadem
289 1655 462 1707 Suffias,
494 1656 568 1697 sed
599 1660 748 1709 poetae
779 1656 947 1697 nomine
977 1656 1128 1697 omisso
1160 1655 1202 1695 in
1232 1667 1270 1694 v.
1299 1647 1576 1708 ἀνέρριπτον.

744 1771 935 1813 XCVIII.

433 1848 670 1894 Διάλεκτον
699 1852 854 1909 ἔχοντα
883 1855 1025 1910 μέσην
1054 1851 1219 1903 πόλεως

435 1934 532 1980 οὔτ’
564 1935 746 1982 ἀστείαν
775 1938 1122 1997 ὑποθηλυτὲραν

436 2020 534 2065 οὔτ’
566 2023 861 2082 ἀνελεύθερον
892 2023 1279 2082 ὑπαγροικοτέρτιν.

211 2114 360 2156 Sextus
385 2117 545 2171 Empir.
576 2118 668 2160 adv.
699 2121 948 2174 grammat.1
980 2122 1034 2161 10
1066 2135 1106 2175 p.
1123 2122 1235 2162 264:
1269 2117 1446 2159 Πολλαὶ
1479 2115 1577 2174 γὰρ,

102 2184 245 2238 φασὶν
283 2185 356 2237 (οἱ
393 2189 746 2243 γραμματικοὶ),
797 2185 881 2231 εἰσὶ
924 2187 1188 2242 συνήθειαι,
1237 2191 1311 2231 καὶ
1349 2186 1460 2240 ἄλλη
1496 2191 1578 2243 μὲν

97 2248 383 2307 Ἀθηναίων,
413 2255 523 2309 ἄλλη
554 2259 600 2300 δὲ
629 2260 1012 2314 Λακεδαιμονίων.
1041 2262 1116 2303 καὶ
1146 2259 1280 2303 πάλιν
1304 2258 1578 2312 Ἀθηναίων

103 2322 379 2380 διαφέρουσα
408 2330 489 2382 μὲν
519 2327 544 2379 ἡ
576 2327 759 2380 παλαιά,
788 2330 1085 2386 ἐξηλλαγμένη
1117 2332 1163 2373 δὲ
1193 2329 1221 2383 ἡ
1254 2331 1345 2374 νῦν.
1394 2333 1468 2373 καὶ
1497 2328 1578 2388 οὐχ

99 2392 127 2447 ἡ
169 2393 286 2448 αὐτὴ
324 2400 404 2452 μὲν
441 2398 528 2440 τῶν
565 2401 679 2442 κατὰ
717 2401 797 2462 τὴν
832 2399 1083 2458 ἀγροικίαν,
1125 2400 1152 2454 ἡ
1185 2401 1296 2455 αὐτὴ
1337 2402 1383 2444 δὲ
1414 2402 1502 2444 τῶν
1529 2402 1578 2445 ἐν

101 2463 226 2508 ἄστει
255 2467 588 2526 διατριβόντων.
657 2469 764 2528 παρ’
799 2468 827 2514 ὅ
853 2476 929 2515 καὶ
957 2473 980 2515 ὁ
1010 2473 1198 2530 κωμικὸς
1227 2475 1340 2530 λέγει
1368 2473 1577 2532 Ἀριστο-

99 2535 244 2593 φάνης
273 2538 506 2583 Διάλεκτον
533 2543 623 2586 κτλ.

761 2603 911 2644 XCIX.

380 2679 576 2725 Αύναται
605 2683 689 2741 γὰρ
718 2685 818 2728 ἴσον
845 2686 904 2743 τῷ
933 2686 1044 2743 δρᾶν
1074 2683 1125 2727 τὸ
1156 2691 1284 2730 νοεῖν.

211 2776 402 2818 Clemens
432 2776 550 2818 Alex.
579 2776 731 2820 Strom.
755 2779 813 2822 V1
843 2781 1003 2833 p.749:
1035 2775 1280 2834 ἹΙροδότου
1308 2778 1354 2820 ἐν
1383 2778 1444 2838 τῷ
1473 2781 1573 2836 περὶ
