1716 3164
238 183 321 226 652
818 189 1036 231 PLATON
1045 192 1092 232 {S

603 437 1209 487 ΠΕΡΙΑΛΓΗΣ.
1267 452 1306 500 ·)

444 641 498 691 ἶ,Ω
529 650 623 691 θεῖε
654 647 842 707 Μόρυχε,
873 652 952 694 νῦν
980 653 1061 710 γὰρ
1089 653 1308 711 εὐδαίμων
1337 656 1453 714 ἔφυς,

452 735 526 774 καὶ
559 734 807 786 Γλαυκέτης
837 733 861 787 ἡ
893 737 1053 792 ψῆττα,
1082 740 1155 780 καὶ
1183 740 1426 799 Λεωγόρας,

451 813 497 857 0'1'
523 816 615 867 ζῆτε
646 818 836 873 τερπνῶς
864 817 990 861 οὐδὲν
1018 821 1353 880 ἐνθυμούμενοι.

339 929 566 971 Scholiasta
594 932 875 984 Aristophanis
905 934 1010 974 Nuh.
1039 936 1142 976 11οτ
1178 933 1407 992 Λεωγόρας
1436 937 1481 978 δὲ
1510 951 1670 992 τρυφε-

226 991 300 1050 ρός
328 1010 407 1049 τις,
436 994 460 1039 ὁ
487 995 748 1040 ’Λνδοκίδου
775 998 932 1056 πατήρ.
989 1000 1179 1044 Πλάτων
1206 1005 1444 1061 Περιαλγεῖ
1468 997 1532 1047 Ὠ
1571 1008 1667 1047 θεῖε

227 1061 402 1121 Μόρυχε
430 1067 519 1110 κτλ.
585 1071 742 1111 Eadem
778 1073 971 1124 leguntur
1009 1074 1116 1126 apud
1145 1075 1309 1116 Suidam
1341 1078 1398 1118 111
1429 1091 1469 1131 p.
1500 1078 1606 1118 583:
1643 1073 1667 1118 ὁ

226 1133 271 1174 δὲ
299 1133 529 1192 Λεωγόρας
558 1135 765 1192 τρυφερός
794 1153 869 1187 τις.
906 1139 1099 1181 Πλάτων
1127 1141 1236 1194 λέγει
1266 1145 1380 1195 (fort.
1411 1145 1666 1199 Περιαλγεῖ)

236 1202 280 1244 Ω
311 1206 409 1246 θεῖε
437 1203 613 1260 Μόρυχε
642 1207 731 1250 κτλ.
790 1211 858 1252 Vs.
890 1212 912 1250 1
954 1212 1167 1264 legebatur
1196 1209 1370 1267 Μόρυχὲ
1397 1227 1441 1252 τε
1470 1213 1548 1254 ’νῦν
1570 1211 1665 1269 γάρ.

222 1277 368 1317 Suidas
412 1271 585 1329 Μόρυχε
624 1276 727 1324 τέως
763 1274 863 1331 γάρ,
908 1281 1016 1332 quod
1054 1294 1145 1322 cum
1187 1282 1429 1324 Ruhnkenio
1465 1285 1516 1324 ad
1556 1285 1665 1326 Tim.

221 1359 263 1399 1).
294 1347 376 1386 183
416 1351 457 1386 et
494 1347 672 1387 Sluitero
710 1349 842 1388 Lectt.
881 1351 1035 1389 Andoc.
1073 1364 1113 1402 p.
1145 1352 1198 1391 12
1234 1353 1417 1404 praefert
1458 1354 1662 1406 Rcisigius

221 1415 404 1455 Coniect.
445 1429 483 1468 p.
514 1417 582 1456 72.
662 1418 871 1458 Hanovius
910 1420 1055 1458 Exere.
1094 1420 1181 1460 crit.
1225 1421 1243 1459 1
1282 1435 1321 1473 p.
1353 1422 1433 1461 125
1472 1419 1663 1475 Μόρυχε,

219 1481 333 1523 θεοῦ
360 1480 454 1537 γάρ.
485 1487 538 1525 At
562 1498 696 1538 neque
712 1485 812 1532 τέως
834 1500 965 1538 neque
994 1487 1107 1527 θεοῦ
1131 1491 1454 1542 monosyllabum
1477 1497 1538 1532 est
1554 1493 1662 1545 apud

219 1555 407 1594 comicos.
467 1555 608 1606 Itaque
637 1568 729 1595 cum
761 1557 992 1598 Hermanno
1023 1558 1304 1599 casaubonum
1334 1566 1528 1612 sequutus
1557 1574 1660 1602 sum.

218 1623 368 1663 Nescio
398 1627 533 1663 tamen
562 1637 612 1663 an
641 1625 683 1664 in
712 1625 782 1664 illo
814 1624 915 1673 τέως
944 1627 1053 1667 aliud
1083 1629 1179 1680 quid
1209 1629 1345 1670 lateat.
1412 1630 1522 1669 Nihil
1551 1631 1659 1669 ‹lesi-

217 1693 403 1733 derarem
431 1694 465 1732 si
502 1693 730 1744 legeretur,
762 1683 796 1732 ὦ
827 1693 923 1733 θεῖε
956 1691 1143 1750 Μόρυχ”,
1184 1693 1261 1737 οὐκ
1290 1694 1382 1745 ἔτος
1410 1693 1486 1751 ἄρ’
1514 1695 1660 1737 εὐδαί-

215 1773 311 1815 μων
339 1757 457 1814 ἔφυς.
523 1762 582 1800 De
621 1761 798 1802 formula
837 1761 913 1802 οὐκ
948 1761 1041 1812 ἔτος
1070 1761 1157 1820 ἄρα
1186 1767 1279 1807 vide
1309 1768 1518 1821 Aristoph.
1550 1769 1657 1809 Plut.

214 1833 311 1872 404.
366 1831 526 1871 Eccles.
564 1832 646 1870 248
686 1837 727 1871 et
764 1833 911 1873 Athen.
954 1835 1012 1874 111
1049 1849 1090 1888 p.
1122 1837 1203 1875 113
1219 1837 1258 1876 d.
1331 1838 1410 1876 Pro
1453 1835 1532 1875 νῦν
1575 1838 1657 1878 Th.

213 1901 413 1966 Bergkius
443 1901 670 1940 Comment.
702 1915 739 1952 p.
771 1902 852 1940 345
883 1903 1083 1942 scribebat
1113 1903 1228 1945 νοῦν.
1274 1930 1330 1937 —-
1373 1906 1443 1946 Vs.
1473 1907 1499 1944 2
1542 1906 1656 1958 lege·

212 1971 331 2011 batur
358 1967 398 2024 ᾑ.
436 1969 583 2009 Suidas
613 1964 653 2018 ἢ.
714 1972 898 2010 Correxit
929 1973 1210 2014 Ruhnkenius.
1253 1992 1307 1999 ·-
1351 1975 1423 2015 Vs.
1454 1975 1480 2013 3
1509 1976 1655 2015 Suidas

212 2036 420 2092 τερπνῶς,
460 2039 678 2079 scholiasta
718 2037 911 2093 τερπνόν.
979 2043 1240 2083 Casaubonus
1276 2044 1458 2083 tentabat
1491 2037 1538 2082 οἳ
1561 2037 1652 2093 ζῆτ’

211 2103 389 2162 ἀτερπὲς
437 2102 565 2146 οὐδὲν
610 2104 948 2161 ἐνθυμούμενοι.
1021 2112 1082 2153 De
1131 2113 1331 2165 Morycho
1378 2118 1419 2152 et
1457 2114 1653 2154 Glaucetu

209 2178 491 2230 Aristophanis
532 2179 761 2218 testimonia
790 2181 978 2232 apposuit
1007 2181 1288 2222 Ruhnkenius.
1365 2179 1545 2229 Ψῆτταν
1580 2195 1654 2222 cur

211 2248 356 2287 dixerit
385 2247 636 2296 Glaucetam,
683 2249 794 2288 haud
838 2250 914 2289 alia
958 2250 1087 2290 fuisse
1123 2252 1284 2291 videtur
1323 2264 1485 2300 caussa,
1532 2264 1651 2303 quam

209 2317 317 2368 quod
346 2316 426 2355 hoc
454 2316 623 2368 piscium
654 2330 818 2368 genere,
849 2320 1002 2371 gulosis
1031 2320 1260 2360 hominibus
1295 2322 1478 2373 impense
1517 2325 1649 2361 amato

208 2386 359 2435 (Clem.
377 2386 490 2426 Alex.
509 2386 631 2424 Paed.
651 2387 688 2426 11
720 2388 741 2425 1
772 2401 811 2438 p.
824 2389 906 2427 240
930 2389 994 2428 ed.
1010 2390 1133 2439 Col.)‚
1148 2403 1404 2442 summopere
1421 2390 1650 2429 delectabar-

208 2460 287 2494 tur.
320 2454 502 2493 Similem
521 2456 571 2494 ob
588 2468 771 2495 caussam
785 2457 1068 2497 Callimedonti
1089 2459 1240 2498 Carabi
1264 2472 1486 2511 cognomen
1502 2458 1648 2500 haesit.

208 2524 298 2566 Alia
327 2524 613 2577 Aristophanei
653 2526 731 2565 loci
767 2526 870 2565 ratio
902 2526 996 2578 Lys.
1029 2527 1134 2567 131:
1173 2526 1298 2566 ταυτὶ
1335 2525 1391 2566 σὺ
1426 2525 1578 2579 λέγεις,
1614 2516 1649 2566 ὦ

206 2590 369 2646 ψῆττα.
438 2594 594 2646 Quibus
625 2595 757 2635 verbis
786 2595 1001 2649 respicitur
1031 2597 1139 2650 quod
1168 2597 1360 2639 Calonice
1389 2610 1447 2639 vs.
1478 2597 1559 2639 115
1588 2597 1648 2639 di-

299 2736 329 2777 Ἴ
356 2734 402 2773 V·
426 2736 514 2771 Hist.
541 2737 615 2772 crit.
639 2749 673 2782 p.
701 2740 777 2774 181.
