1716 3164
219 187 328 242 ¹148
743 188 1153 233 A-ms'rorfflms

326 299 354 338 5
380 292 495 336 κάτω
524 295 700 350 βαδίζει,
730 296 781 339 τὸ
810 297 855 339 δὲ
883 296 1006 340 κενὸν
1035 297 1141 355 πρὸς
1170 298 1248 341 τὸν
1275 300 1371 345 Δία.

467 384 485 405 t
782 386 800 407 Φ
1084 387 1102 408 *
1384 391 1402 412 *

389 459 496 502 Οὐδ’
528 459 585 502 ἄν
613 461 727 503 ποθ’
757 459 892 513 οὕτως
920 465 1264 521 ἐστεφανωμένοι
1293 468 1434 524 νεκροὶ
1500 514 1502 516 ‚

382 542 687 601 προύκείμεθ’,
716 543 812 588 οὐδ’
845 544 902 588 ἂν
931 550 1278 603 κατακεχριμὲνοι
1305 548 1469 607 μύροις,

380 624 422 670 εἰ
446 626 506 682 μὴ
536 626 815 684 καταβάντας
843 631 1009 680 εὐθέως
1038 630 1178 674 πίνειν
1205 630 1309 674 ἔδει·

375 710 450 752 διὰ
478 713 618 753 ταῦτα
648 710 729 769 γάρ
759 728 827 755 τοι
856 716 930 755 καὶ
959 715 1195 756 καλοῖνται
1221 713 1445 771 μακάριοι·

298 798 352 836 10
382 795 468 844 πᾶς
497 795 580 851 γὰρ
601 796 712 850 λέγει
741 810 819 849 τις,
850 795 873 838 ὁ
902 797 1142 855 μακαρίτης
1171 799 1345 853 οἷχεται,

374 878 662 934 κατέδαρθεν,
691 877 925 935 εὐδαίμων,
953 876 1025 923 ὅτ’
1058 879 1135 924 οὐκ
1164 880 1403 924 ἄνιάσὲται.

377 961 451 1003 καὶ
481 959 653 1017 θύομέν
680 961 730 1017 γ’
762 961 933 1005 αὐτοῖσι
962 966 1050 1014 τοῖς
1077 964 1364 1019 ἕναγίσμασιν

375 1039 519 1101 ὥσπερ
547 1047 696 1088 θεοῖσι
724 1047 799 1088 καὶ
824 1045 930 1102 χοάς
958 1063 1003 1102 γε
1029 1046 1229 1103 χεόμενοι

375 1124 613 1183 αἰτούμεθ’
647 1127 805 1180 αὐτοὺς
833 1130 887 1171 τὰ
916 1129 1030 1172 καλὰ
1059 1130 1178 1186 δεῦρ’
1207 1128 1389 1174 ἀνιέναι.

320 1268 521 1310 Stobaeus
545 1269 676 1311 CXXI
708 1272 760 1311 18
789 1269 884 1324 περὶ
915 1268 1172 1325 συγκρίσεως
1199 1269 1304 1320 ζωῆς
1331 1270 1405 1309 καὶ
1437 1263 1651 1308 θανάτου.

208 1338 301 1380 Vol.
326 1338 384 1379 111
415 1353 454 1391 p.
471 1340 554 1380 477
585 1340 649 1380 ed.
679 1341 806 1381 Gaisf.
836 1336 1181 1394 Ἀριστοφάνους
1215 1339 1527 1392 Ταγηνισταῖς·
1558 1336 1652 1377 Καὶ

205 1404 295 1460 μὴν
321 1405 412 1448 κτλ.
481 1409 649 1450 Lemma
688 1413 880 1450 omissum
917 1412 959 1451 in
998 1411 1062 1451 ed.
1093 1411 1295 1459 Trineav„
1333 1411 1423 1450 cod.
1455 1410 1489 1450 V
1521 1405 1652 1460 Ἀρι·

205 1471 429 1528 στοφάνης
464 1489 658 1527 ταγηνιτ.
697 1483 806 1518 totus
844 1480 959 1519 locus
996 1480 1169 1519 omissus
1207 1480 1248 1519 in
1289 1479 1378 1518 cod.
1418 1479 1466 1518 A.
1533 1479 1648 1527 Quae

203 1546 300 1586 iude
328 1560 352 1586 a
381 1559 417 1585 v.
446 1546 474 1585 5
503 1551 728 1597 sequuntur
756 1560 835 1587 non
865 1561 963 1587 sane
990 1548 1178 1587 videntur
1207 1548 1397 1587 continuo
1428 1546 1650 1586 cohaerere

205 1627 298 1655 cum
326 1615 506 1666 reliquis,
535 1616 672 1667 itaque
701 1617 885 1656 lacunam
907 1617 1100 1666 indicavi3
1131 1621 1172 1656 at
1193 1629 1358 1668 prorsus
1386 1615 1650 1667 improbanda

204 1684 408 1725 Dindorfii
438 1684 565 1732 ratio,
595 1685 663 1735 qui
691 1686 792 1725 haec
821 1687 954 1725 omnia
983 1686 1247 1738 Aristophani
1275 1685 1498 1732 abiudicat‚
1528 1688 1569 1723 et
1598 1683 1649 1722 ad

207 1766 337 1793 novae
367 1754 602 1792 comoediae
631 1759 791 1806 poetam
829 1756 967 1795 nescio
1006 1767 1127 1806 quem
1164 1755 1378 1802 transfert,
1411 1753 1518 1804 quod
1554 1765 1647 1791 cum

204 1823 329 1863 nullis
366 1824 614 1874 argumentis
652 1824 816 1863 firmare
852 1828 1019 1864 conatus
1055 1826 1132 1873 sit,
1173 1825 1419 1875 redarguere
1449 1822 1547 1861 nihil
1578 1822 1648 1861 ad-

202 1893 326 1933 tinet:
367 1892 468 1931 illud
498 1893 594 1931 satis
624 1898 791 1944 apparet
821 1894 884 1932 vel
916 1907 963 1932 ex
991 1893 1199 1933 institutae
1237 1893 1463 1932 sententiae
1492 1893 1648 1933 ratione

202 1966 244 2001 et
281 1961 545 2000 similitudine
591 1965 808 2011 utrumque
854 1961 1128 2013 fragmentum
1169 1975 1217 2001 ex
1251 1962 1394 2001 eadem
1434 1961 1645 2000 comoedia

200 2030 428 2080 eodemque
464 2030 555 2068 loco
597 2031 768 2080 petitum
808 2044 918 2070 esse:
970 2036 1011 2069 et
1050 2031 1225 2069 fortasse
1263 2042 1343 2068 non
1387 2030 1644 2069 librariorum

201 2099 320 2150 culpa
349 2098 500 2148 aliquot
530 2109 670 2136 versus
699 2099 949 2147 exciderunt,
979 2099 1052 2138 sed
1081 2100 1279 2138 Stobaeus
1308 2102 1399 2149 post
1429 2111 1466 2137 v·
1493 2098 1520 2136 5
1550 2110 1645 2137 con-

200 2168 308 2210 sulto
339 2179 386 2206 ea
415 2165 728 2218 praetermissit,
768 2179 870 2217 quae
895 2160 1002 2206 'alter
1032 2180 1082 2207 ex
1110 2166 1436 2218 colloquentibus
1462 2166 1642 2219 interpo-

201 2240 350 2277 suerat.
420 2236 491 2276 Vs.
522 2237 547 2274 6
582 2236 795 2287 legebatur
834 2230 886 2274 οὐ
914 2233 994 2288 γὰρ
1025 2231 1080 2274 ἄν
1107 2249 1209 2276 ποτε
1240 2228 1374 2282 οὕτως
1401 2230 1643 2289 ἐστεφανώ-

199 2316 344 2358 μενοι,
382 2305 525 2356 scripsi
554 2298 654 2342 οὐδ’
687 2299 743 2341 ἄν
782 2300 896 2343 ποθ’
929 2297 1085 2354 οὕτως,
1122 2306 1163 2345 in
1205 2307 1286 2345 fine
1326 2310 1459 2344 autem
1500 2318 1640 2346 versus

199 2375 337 2414 addidi
366 2362 517 2425 νεκροί,
549 2373 656 2425 quod
686 2374 750 2412 vel
778 2374 962 2414 instituta
989 2375 1188 2414 sententia
1217 2375 1400 2425 requirit.
1430 2400 1485 2406 —-
1515 2375 1583 2416 Vs.
1613 2377 1639 2415 7

199 2448 313 2483 recte
342 2443 575 2483 Dindorfius
603 2443 751 2483 adiecit
779 2438 941 2495 μύροις.
1009 2444 1193 2495 Respicit
1221 2449 1354 2483 autem
1384 2449 1504 2495 poeta
1534 2457 1640 2483 mor-

201 2518 363 2554 tuorum
405 2512 776 2563 componendorum
814 2514 1166 2562 consuetudinem,
1212 2513 1278 2564 qui
1325 2513 1484 2551 coronis
1522 2525 1637 2551 orna-

201 2582 348 2621 bantur
376 2582 633 2633 ampullaque
668 2582 994 2631 instruebantur,
1028 2583 1142 2634 quasi
1179 2583 1246 2633 qui
1276 2581 1325 2621 ad
1354 2581 1636 2621 solennitatem

203 2651 375 2702 aliquam
416 2650 653 2701 profecturi.
708 2650 781 2692 cfr,
817 2652 1037 2692 Ecclesiaz.
1068 2665 1104 2691 v.
1134 2652 1236 2692 538:
1273 2647 1433 2701 ’Ώιχου
1461 2647 1637 2688 καταλι-

203 2714 337 2760 ποῦσ’
372 2713 553 2771 ὡσπερεὶ
590 2716 866 2773 προκείμενον
903 2716 1059 2766 Μόνον
1096 2717 1147 2761 οὐ
1182 2713 1492 2775 στεφανώσασ’
1539 2712 1638 2758 οὐδ’
