1716 3164
507 159 771 204 FABULAE
806 157 1111 201 lNCERTAE.
1466 153 1550 196 747

69 290 163 328 sus,
201 288 286 318 non
319 277 369 317 ad
403 277 587 318 Athenas
619 275 692 315 sed
725 276 774 315 ad
809 274 1070 315 Rhodiorum
1103 273 1312 313 civitatem
1343 273 1548 323 spectare,

69 349 285 389 verissime
321 349 527 388 intellexit
557 347 739 388 Naekius
770 347 903 396 (Mus.
938 345 1074 385 Rhen.
1107 344 1216 383 1832
1247 342 1328 382 vol.
1362 342 1379 382 Ι
1406 354 1447 394 p.
1471 340 1549 392 57)

67 423 295 473 praeeunte
314 421 403 460 viro
422 421 560 469 docto,
593 431 715 471 quem
730 418 1020 458 Casanbonum
1044 429 1136 456 esse
1160 415 1409 468 suspicatur,
1439 411 1551 465 apud

67 491 317 532 Hudsonum
350 491 502 544 Geogr.
534 489 629 529 min.
656 489 694 528 ΙΙ
725 502 765 542 p.
784 489 850 528 10.
913 487 983 528 vs.
1004 487 1025 526 1
1061 487 1186 539 vulgo
1219 480 1243 535 ἡ
1276 481 1424 539 ῥόδοις
1454 483 1551 524 δισ-

68 557 166 611 σήν.
200 564 357 616 Scripsi
388 559 412 610 ἡ
445 556 591 615 ῥόδοις
619 557 733 608 ἴσην,
765 564 861 599 nota
888 557 1230 610 breviloquentia,
1260 557 1378 597 cuius
1409 569 1552 597 exem·-

67 635 136 687 pla
179 634 272 674 vide
311 635 419 687 apud
450 631 724 673 Schaeferum
756 631 902 670 Melet.
935 643 975 682 p.
1007 629 1077 669 58.
1150 629 1266 669 Idem
1310 629 1469 669 Naekio
1506 628 1551 670 in

68 709 248 745 mentem
290 708 479 750 venerat,
519 702 593 741 sed
638 702 795 755 sprevit
837 715 939 755 prae
982 701 1112 741 altera
1152 713 1226 741 sua
1253 700 1493 740 coniectura
1523 694 1550 749 ἡ

67 770 213 829 ῥόδων
242 770 391 824 δίκην,
426 774 492 814 cui
532 773 827 814 sustentandae
869 773 1135 826 proverbium
1166 771 1422 812 comminisci
1453 783 1549 812 coa-

67 852 159 887 ctus
193 850 280 895 est,
311 859 392 898 quo
424 858 546 884 rosae
577 849 620 884 et
651 845 906 897 voluptatem
938 849 980 884 et
1009 845 1192 884 taedium
1222 844 1376 884 afferre
1406 842 1551 884 dicun-

69 921 152 958 tur.
213 918 478 971 ingeniosum
519 916 626 966 hoc3
667 921 709 956 at
748 916 913 956 facilior
951 920 1089 956 tamen
1130 916 1262 956 altera
1298 915 1431 965 ratio,
1468 926 1551 968 qun

64 988 242 1029 Rhodus
274 993 316 1028 et
346 1000 533 1027 rosarum
564 988 808 1028 suavitatem
832 987 990 1027 habere
1021 992 1063 1028 et
1093 987 1275 1027 taedium
1306 986 1459 1027 afferre
1488 987 1553 1027 di-

65 1059 184 1100 citur.
231 1086 284 1092 —-
329 1060 399 1101 Vs.
429 1061 455 1099 2
490 1052 604 1111 χᾶμ’
636 1054 800 1108 ἀηδίαν
829 1060 1096 1099 Hermannus
1137 1059 1178 1099 in
1221 1058 1422 1098 Creuzeri
1455 1057 1550 1099 Me-

64 1131 136 1171 let.
186 1130 245 1170 Ill
290 1144 330 1183 p.
366 1131 458 1171 183.
533 1131 669 1183 Vulgo
714 1129 789 1169 καὶ
835 1125 1110 1182 ἀμαληὸίαν.
1170 1155 1226 1162 -—
1288 1130 1359 1172 Vs.
1391 1130 1419 1169 3
1458 1130 1552 1170 vul-

65 1215 118 1255 go
150 1197 332 1242 ἁλιεῖτα.
391 1203 542 1243 Cetera
582 1202 734 1255 reliqui
775 1203 943 1243 intacta.
1003 1202 1297 1251 Hermannus,
1338 1201 1554 1243 Rhodium

66 1272 277 1312 hominem
308 1273 361 1312 de
392 1272 566 1313 Athenis
596 1273 711 1326 loqui
740 1278 879 1324 ratus,
918 1274 976 1313 ita
1011 1274 1225 1326 corrigere
1255 1273 1467 1323 tentabat,
1497 1268 1555 1311 τὰ

68 1339 153 1396 γὰρ
179 1338 346 1382 ‘Amet’
375 1341 466 1383 ἐκεῖ
487 1339 685 1397 μεγάλην
715 1340 879 1397 σχολὴν
908 1338 1015 1395 ἄγει,
1047 1344 1099 1385 de
1131 1342 1245 1384 Solis
1275 1345 1556 1385 caeremoniis

66 1428 187 1456 nemo
226 1416 328 1456 istic
366 1417 546 1469 cogitat.
608 1415 689 1455 His
727 1416 893 1456 adiutus
933 1416 1116 1456 Naekius
1155 1416 1347 1468 scripsit,
1385 1413 1441 1454 τὰ
1471 1411 1556 1471 γὰρ

62 1481 237 1526 ‘Azata
280 1483 335 1525 τά
375 1481 531 1540 μεγάλ’
575 1481 628 1526 οὐ
670 1483 834 1540 σχολὴν
871 1483 990 1539 ἄγει,
1043 1501 1203 1541 magna
1242 1488 1355 1528 em‘m
1390 1487 1556 1530 Haliea

66 1560 160 1600 sine
187 1560 503 1600 intermissione
532 1563 742 1612 aguntur,
782 1559 1063 1600 celebrantur.
1131 1560 1228 1612 Ipse
1269 1559 1556 1611 coniiciebam,

67 1627 122 1669 τὰ
153 1626 238 1684 γάρ
275 1625 450 1670 (Αλιεῖα
489 1631 570 1684 μὲν
599 1626 798 1683 μεγάλην
828 1626 911 1684 ἔχει
950 1627 1140 1684 σχολήν,
1183 1631 1224 1671 in
1267 1644 1348 1683 quo
1390 1628 1557 1684 σχολὴν

70 1697 155 1754 ἔχει
192 1703 499 1755 interpretabar
528 1698 764 1757 διατριβὴν
806 1697 912 1755 ἔχει,
950 1702 1034 1742 hoc
1073 1715 1222 1743 sensu:
1262 1715 1363 1742 nam
1393 1702 1557 1744 Haliea

69 1774 236 1827 quidem
263 1787 387 1814 sacra
415 1788 615 1828 magnam
645 1774 833 1827 afferunt
863 1773 1201 1814 oblectationem.
1263 1774 1325 1812 De
1349 1774 1460 1813 Solis
1490 1787 1556 1814 sa·

70 1846 150 1885 cris
187 1844 477 1894 Rhodiorum,
515 1858 691 1897 quorum
724 1845 965 1884 memoriam
1005 1846 1076 1884 hic
1106 1846 1236 1884 latere
1266 1845 1410 1897 plures
1441 1845 1558 1886 vide-

67 1919 166 1956 runt
207 1916 282 1955 viri
322 1916 456 1965 docti,
497 1916 678 1956 afferunt
709 1917 968 1957 Athenaeum
1000 1916 1101 1956 Xlll
1134 1931 1172 1969 p.
1203 1915 1283 1955 561
1306 1929 1343 1956 e.
1385 1916 1556 1958 Aristid.

68 1986 151 2026 vol.
184 1985 202 2026 1
237 1999 277 2039 p.
308 1987 392 2026 808
430 1990 473 2026 et
513 1987 779 2027 Eustathium
818 1987 869 2027 ad
914 1988 1038 2027 Hom.
1081 2000 1120 2039 p.
1154 1986 1265 2026 1562
1304 1993 1408 2028 extr.
1478 1988 1557 2028 Se·-

39 2063 42 2065 ’
69 2057 238 2109 quentia
267 2057 318 2097 ad
349 2058 583 2097 irrisionem
620 2059 878 2099 Rhodiorum
909 2062 1114 2110 spectant,
1146 2059 1215 2111 qui
1247 2058 1386 2098 omnia
1415 2061 1458 2096 et
1489 2055 1557 2096 vel

70 2127 299 2169 levissimas
338 2141 406 2169 res
436 2142 459 2168 a
490 2129 703 2170 Solaribus
743 2130 872 2170 sacris
915 2129 1250 2169 denominabant.
1313 2147 1366 2152 —
1426 2128 1496 2169 Vs.
1528 2126 1558 2168 4

71 2193 256 2240 ἀλιακὸν
292 2194 401 2246 ἔτος.
471 2200 552 2239 Pro
590 2194 686 2248 ἔτος
725 2202 781 2242 Η.
813 2201 1053 2254 Stephanus
1091 2201 1277 2239 tentabat
1316 2194 1450 2246 ἔθος,
1488 2198 1560 2239 alii

72 2263 190 2315 ἔπος.
249 2270 431 2310 Naekius
462 2276 533 2310 aut
562 2268 867 2327 Stogprosecto
900 2271 1164 2312 scribendum
1196 2284 1302 2319 esse,
1333 2273 1416 2319 aut,
1447 2269 1560 2322 quod

73 2338 274 2391 praefert,
305 2334 490 2379 ἁλιακόν
520 2336 616 2389 ἔτος
649 2343 910 2382 Rhodiacum
941 2342 1107 2381 dicendi
1137 2354 1270 2393 genus
1299 2340 1428 2381 fuisse
1459 2353 1558 2382 con-

72 2409 160 2449 iicit
188 2422 264 2461 pro
297 2423 346 2449 eo
379 2412 488 2462 quod
520 2412 589 2451 alii
618 2407 802 2460 ἡλιακὸν
833 2410 1036 2451 ἐνιαυτόν
1063 2413 1340 2466 appellabant.
1395 2412 1558 2453 Horum

73 2480 184 2533 quod
215 2481 349 2533 primo
380 2482 473 2521 loco
504 2483 643 2535 posuit
674 2496 764 2523 eam
795 2484 847 2523 ob
879 2497 1064 2524 caussam
1092 2484 1259 2537 probari
1290 2496 1370 2523 non
1402 2487 1557 2536 potest,

75 2550 268 2603 quoniam
285 2551 410 2591 Attici
438 2552 633 2594 adverbio
664 2548 759 2601 ἐτός
790 2568 870 2594 non
903 2559 1074 2595 utuntur
1104 2555 1182 2596 nisi
1212 2568 1306 2595 cum
1337 2554 1558 2607 negatione

75 2621 320 2671 coniuncto,
362 2618 440 2662 οὐκ
474 2619 591 2675 ἐτός,
628 2619 705 2665 οὐκ
748 2622 844 2674 ἐτὸς
873 2620 960 2680 ἄρα
1000 2631 1080 2668 etc.
1148 2627 1336 2668 Alterum
1378 2625 1557 2666 fortasse

75 2704 217 2733 verum
249 2697 326 2743 est,
357 2707 602 2749 quamquam
633 2691 729 2745 ἔτος
758 2710 834 2751 pro
865 2694 1065 2746 ἐνιαυτὸς
1095 2698 1176 2739 dici
1209 2711 1290 2739 non
1321 2697 1449 2738 credo
1479 2696 1557 2737 nisi

77 2764 263 2819 exempla
292 2764 497 2809 afferenti.
551 2768 658 2809 Mihi
688 2782 770 2811 non
800 2770 1075 2824 improbabile
1106 2770 1335 2818 videbatur,
1368 2768 1558 2810 Rhodios
