1716 3158
402 715 1229 779 ARISTOPHANES.

190 996 251 1036 De
281 996 567 1049 Aristophanis
595 997 701 1046 vita,
730 995 922 1048 ingenio,
953 993 1181 1034 comoediis
1211 990 1396 1045 quamvis
1427 990 1552 1031 etiam

77 1071 171 1120 post
206 1067 422 1107 doctorum
469 1068 682 1108 hominum
732 1066 986 1119 diligentiam
1025 1066 1156 1105 multa
1194 1063 1368 1112 disseri,
1415 1074 1553 1114 neque

78 1148 207 1187 pauca
236 1139 394 1178 acutius
424 1139 640 1179 diiudicari
673 1139 851 1191 possint,
891 1137 972 1176 hoc
1008 1139 1147 1176 tamen
1177 1135 1269 1174 loco
1300 1147 1431 1187 pauca
1461 1137 1552 1173 tan-

79 1211 166 1246 tum
196 1207 413 1248 delibanda
443 1210 606 1258 censui,
645 1221 750 1261 quae
780 1221 872 1248 cum
904 1207 1158 1260 perditarum
1187 1205 1422 1245 fabularum
1451 1204 1550 1244 reli-

80 1278 187 1329 quiis
225 1284 336 1319 arcta
368 1280 542 1331 quadam
583 1280 830 1320 necessitate
861 1278 1101 1318 cohaerent.
1170 1278 1226 1316 Et
1266 1277 1347 1315 hoc
1385 1275 1553 1328 quidem

80 1350 430 1399 praemonendum
473 1355 559 1398 est,
599 1363 668 1390 me
705 1351 746 1389 in
789 1349 856 1388 his
898 1348 1086 1400 reliquiis
1125 1346 1421 1398 componendis
1461 1345 1553 1385 fere

77 1417 248 1458 eandem
279 1420 479 1459 rationem
512 1425 698 1459 secutum
729 1432 836 1468 esse,
867 1431 989 1470 quam
1017 1430 1111 1457 cum
1141 1417 1272 1456 tribus
1311 1417 1427 1456 annis
1458 1420 1553 1456 ante

77 1487 204 1528 libros
234 1489 287 1529 de
317 1490 531 1530 comoedia
561 1491 695 1532 Attica
725 1490 891 1541 antiqua
921 1489 1163 1529 scriberem.
1203 1488 1349 1539 Neque
1368 1488 1491 1536 enim,
1509 1486 1553 1526 id

78 1558 187 1609 quod
218 1559 438 1599 nonnullos
467 1561 589 1600 video
619 1561 742 1600 unice
772 1564 1004 1613 spectasse,
1043 1559 1240 1611 indagare
1270 1558 1431 1606 studui,
1473 1569 1554 1609 qua

78 1628 238 1669 ratione
263 1634 387 1682 poeta
417 1631 459 1671 in
490 1636 733 1684 argumento
764 1636 807 1670 et
835 1630 1082 1671 inveniendo
1113 1634 1154 1670 et
1184 1628 1470 1682 componendo
1500 1627 1554 1668 sit

78 1710 203 1748 usus,
241 1701 433 1752 quoniam
474 1701 677 1741 eiusmodi
716 1702 978 1753 quaestiones
1018 1701 1061 1741 in
1100 1705 1214 1740 tanta
1251 1700 1444 1752 antiquae
1483 1711 1553 1739 co-

76 1770 266 1810 moediae
306 1771 473 1811 licentia
511 1777 706 1824 tantaque
742 1776 1082 1824 argumentorum
1113 1771 1233 1823 copia
1259 1783 1309 1809 ac
1339 1769 1554 1819 varietate,

75 1839 245 1881 fallaces
269 1828 438 1894 prorsus
469 1847 564 1883 sunt
596 1846 718 1894 atque
748 1842 935 1882 inutiles.
964 1842 1112 1893 Neque
1143 1841 1252 1880 enim
1282 1839 1553 1880 coniectando

75 1912 239 1964 assequi
270 1913 356 1952 ullo
387 1914 509 1953 modo
534 1913 704 1966 poteris,
736 1914 884 1965 quibus
914 1913 1076 1966 legibus
1093 1912 1269 1964 quisque
1299 1924 1346 1951 se
1375 1910 1553 1951 adstrin-

49 1981 180 2021 ·xerit
209 1987 344 2034 poeta.
392 1984 528 2023 Multo
565 1997 664 2024 sane
693 1983 857 2024 facilius
886 1984 928 2024 in
958 1983 1214 2036 perditarum
1245 1982 1553 2035 tragoediarum

75 2051 259 2103 reliquiis
298 2053 405 2093 hanc
443 2054 548 2094 viam
585 2055 777 2094 insistere
807 2066 1045 2107 possumus,
1094 2054 1287 2106 quoniam
1328 2066 1351 2092 a
1392 2065 1552 2093 summa

77 2122 331 2174 argumenti,
361 2125 707 2175 quemadmodum
738 2126 940 2165 maiorum
970 2129 1012 2164 et
1040 2127 1207 2177 patrum
1237 2124 1436 2163 memoria
1466 2127 1551 2163 tra-

77 2190 162 2232 dita
185 2198 274 2232 erat
300 2194 467 2245 antiqua
485 2194 608 2244 fama,
638 2199 685 2235 ut
714 2195 876 2247 singula
897 2195 1026 2234 multa
1053 2194 1300 2234 variaverint
1330 2198 1372 2233 et
1401 2198 1551 2245 suopte

75 2261 240 2314 ingenio
270 2263 577 2304 immutaverint
592 2270 756 2317 poetae,
788 2266 1021 2304 desciscere
1038 2265 1205 2303 omnino
1225 2264 1477 2302 veritisunt:
1509 2266 1552 2302 et

76 2331 238 2392 illarum
254 2332 436 2384 ipsarum
458 2345 598 2373 rerum
612 2335 813 2382 omnium,
844 2347 944 2386 quas
961 2333 1107 2385 tragici
1136 2337 1378 2382 tractarunt,
1409 2345 1550 2386 quam·

76 2400 139 2440 vis
176 2402 312 2442 tenuis
342 2402 393 2442 ad
424 2415 499 2443 nos
529 2415 695 2456 quoque
725 2403 835 2444 fama
864 2404 1077 2457 pervenit:
1117 2403 1228 2455 quod
1265 2404 1391 2457 longe
1429 2416 1550 2445 secus

77 2474 141 2510 est
177 2470 219 2511 iu
258 2473 426 2513 comicis
463 2475 622 2526 poetis,
660 2475 730 2526 qui
767 2475 880 2515 nulla
917 2475 994 2515 alia
1023 2486 1072 2514 re
1101 2477 1319 2526 tantopere
1348 2479 1444 2515 sunt
1474 2475 1548 2516 de-

76 2539 239 2591 lectati,
277 2554 398 2594 quam
428 2543 690 2585 inventorum
721 2546 903 2586 novitate
941 2550 983 2586 et
1011 2545 1233 2584 varietate:
1272 2548 1314 2584 et
1344 2557 1425 2597 quo
1455 2546 1547 2597 quis

77 2611 204 2663 magis
233 2613 406 2654 eminuit
434 2615 629 2668 ingenio,
666 2628 716 2655 eo
745 2616 970 2656 studiosius
999 2615 1106 2656 hanc
1134 2614 1300 2655 laudem
1330 2615 1545 2666 quaesivit,

79 2681 420 2730 quemadmodum
449 2684 750 2738 Aristophanes
793 2699 843 2726 eo
874 2686 1040 2727 nomine
1068 2685 1232 2738 saepius
1262 2697 1308 2726 se
1335 2685 1544 2726 collaudat

79 2752 122 2788 et
162 2752 412 2797 aemulorum
449 2759 666 2810 poetarum
709 2757 952 2799 tenuitatem
982 2769 1084 2811 prae
1122 2756 1208 2798 suis
1249 2755 1403 2798 divitiis
1443 2769 1544 2798 con-
