1716 3164
237 186 344 228 1072
738 185 1150 230 ARISTOPHANIS

911 297 982 339 Vl.

459 372 583 430 Τρὲχ’
615 371 675 424 εἰς
703 373 779 417 τὸν
807 358 928 418 οἶνον
954 356 1155 433 ἀμφορέα
1183 374 1306 418 κενὸν
1333 378 1481 433 λαβών

453 457 539 498 τῶν
567 456 754 500 ἔνδοθεν
781 461 855 500 καὶ
884 457 1034 514 βύσμα
1062 461 1136 501 καὶ
1164 457 1430 517 γευστὴριον,

452 539 635 583 κᾶπειτα
665 541 840 597 μίσθου
868 543 1034 585 σαυτὸν
1063 540 1431 600 ἂμᾳορεαφορεῖν.

339 627 509 667 Suidas:
545 623 963 682 Ἀμφορεαφόρους·
1001 627 1100 678 τοὺς
1129 626 1363 682 μισθίους,
1401 625 1499 676 τούς
1528 628 1582 668 τὰ
1609 643 1679 670 κε-

228 689 364 749 ράμια
395 695 621 751 φέροντας.
666 696 741 736 καὶ
769 693 1110 752 άμᾳορεαφόρος
1138 695 1162 739 ὁ
1190 695 1372 753 κεράμια
1400 696 1573 751 μισθοῦ
1602 698 1679 754 φέ-

227 777 327 817 ρων.
359 791 415 800 —
439 761 771 819 Ἀριστοφάνης
792 759 998 819 “Ἰ]ρωσι·
1033 764 1159 821 Τρέχ’
1188 762 1246 815 εἰς
1274 766 1364 809 κτλ.
1424 769 1493 811 Vs,
1510 771 1536 809 2
1565 771 1678 822 lege-

227 835 346 875 batur
384 831 462 873 τὸν
501 830 687 874 ἔνδοθεν
722 834 797 874 καὶ
826 833 976 887 γεῦμα.
1044 837 1212 877 Rectius
1242 837 1387 877 Pollux
1416 838 1453 878 X
1485 839 1567 879 75:
1603 837 1679 878 καὶ

225 901 276 942 τὸ
315 900 421 958 παρ’
460 898 774 957 Ἀριστοφάνει
803 900 1054 957 γευστήριον
1090 900 1212 959 Τρέχ’
1244 903 1287 952 ἐς
1325 903 1402 945 τὸν
1438 896 1562 947 οἶνον
1591 903 1675 961 άμ-

224 972 363 1027 ᾳορέα
391 970 537 1012 κοινὸν
565 971 714 1024 λαβών
747 971 844 1012 Τῶν
873 970 1060 1013 ἔνδοθεν
1095 974 1170 1013 καὶ
1199 969 1348 1027 ῥ’ὑσμα
1386 976 1459 1015 καὶ
1491 973 1674 1029 γευστή-

223 1055 331 1097 ριον.
400 1044 513 1083 Idem
545 1044 581 1083 X
611 1044 713 1083 172:
753 1042 828 1081 καὶ
869 1038 1019 1095 βύσμα
1061 1039 1110 1082 δ’
1139 1038 1194 1082 ἂν
1223 1041 1287 1092 εἴη
1325 1043 1411 1083 τῶν
1433 1044 1672 1099 χρησίμων,

223 1110 301 1151 τοῦ
325 1107 680 1165 Ἀριστοφάνους
708 1107 905 1159 εἰπόντος
933 1108 1097 1164 Βύσμα
1125 1112 1199 1152 καὶ
1228 1109 1492 1166 γευστήριον.
1557 1117 1674 1156 Adde

223 1181 400 1233 denique
417 1182 581 1222 V1=992
612 1180 685 1219 καὶ
716 1178 970 1233 γευστηρίου
999 1183 1078 1233 μὲν
1103 1177 1431 1234 Ἀριστοφάνης
1446 1181 1674 1236 μέμνηται.

222 1251 394 1290 Servum
425 1249 601 1290 fortasse
631 1250 775 1301 aliquis
805 1251 846 1291 in
875 1250 1010 1291 forum
1041 1252 1176 1301 mittit,
1206 1256 1252 1292 ut
1279 1252 1337 1292 ibi
1367 1264 1479 1293 suam
1507 1265 1673 1306 operam

221 1320 417 1361 mercede
447 1319 642 1372 praebeat
670 1319 772 1359 aliis.
910 1375 986 1417 VH

414 1451 617 1506 Ὀβολῶν
646 1453 837 1496 δεουσῶν
864 1451 1078 1511 τεττάρων
1105 1457 1179 1496 καὶ
1208 1455 1284 1506 τῆς
1312 1455 1463 1512 ([οριῖς.

334 1541 480 1580 Pollux
511 1538 589 1580 vn
621 1540 726 1578 133:
762 1533 1091 1594 Ἀριστοφάνης
1130 1537 1156 1577 δ
1174 1535 1185 1549 ’
1218 1537 1264 1579 ἐν
1292 1541 1379 1589 τοῖς
1398 1534 1567 1595 “Ἠρωσι
1597 1542 1670 1585 δο-

218 1608 287 1650 κεῖ
309 1606 359 1648 τὸ
389 1603 624 1661 κόμιστρον
652 1604 764 1647 κατὰ
795 1606 845 1647 τὸ
875 1607 953 1648 νῦν
982 1605 1090 1655 ἔθος
1118 1603 1338 1664 εἰρηκέναι
1360 1607 1522 1665 φοράν,
1561 1605 1670 1654 ὅταν

218 1676 317 1734 εἴπῃ
342 1673 545 1729 Ὀβολῶν
573 1672 626 1716 δ’
655 1675 756 1724 ἴσως
785 1673 999 1732 τεττάρων
1027 1676 1099 1717 καὶ
1130 1677 1205 1727 τῆς
1234 1678 1396 1733 φορᾶς,
1434 1686 1476 1721 at
1506 1684 1669 1736 vulgata

218 1749 342 1789 lectio
374 1752 436 1788 est
466 1746 510 1786 δὲ
542 1742 698 1795 οὐσῶν,
729 1753 898 1800 apparet
926 1748 1051 1801 igitur
1072 1745 1263 1787 δεουσῶν
1283 1750 1540 1792 scribendum
1561 1766 1667 1804 esse,

217 1818 323 1857 adde
353 1818 461 1857 enim
481 1813 700 1870 δραχμῶν,
727 1817 836 1868 quod
852 1828 1136 1870 praegressum
1165 1817 1256 1867 fuit,
1285 1818 1394 1858 idem
1425 1821 1545 1860 etiam
1560 1823 1667 1862 Mei-

217 1888 322 1927 neke
350 1887 528 1926 restituit
558 1886 597 1926 11
628 1887 650 1925 l
682 1900 722 1938 p.
745 1886 842 1926 534.
910 1888 1104 1928 Ceterum
1133 1888 1310 1940 pertinet
1348 1888 1415 1928 hic
1444 1902 1585 1931 versun
1614 1891 1666 1932 ad

217 1956 393 1996 eundem
422 1957 571 2005 locum,
601 1967 650 1994 ex
679 1968 759 2007 quo
787 1957 975 2008 superius
1003 1957 1276 2011 fragmentum
1305 1958 1491 2010 petitum.

890 2077 1004 2118 VIII.

477 2149 546 2194 ”H
569 2152 811 2212 καρδοπείῳ
839 2154 1056 2213 περιπαγῇ
1083 2153 1161 2196 τὸν
1189 2151 1364 2210 αὐχένα.

323 2237 469 2278 Pollux
507 2238 545 2278 X
589 2240 694 2280 112:
741 2240 835 2280 Καὶ
879 2235 1151 2289 παυσικάπη,
1196 2233 1252 2288 ἢν
1289 2239 1363 2279 καὶ
1404 2238 1663 2294 καρδοπεῖον

208 2301 454 2359 ὠνόμαζον,
489 2302 546 2354 ὥς
574 2301 837 2363 ἐν”Ηρωσιν
874 2303 1226 2365 Ἀριστοφάνης·
1257 2302 1331 2348 ”H
1359 2307 1540 2365 καρὸοπ.
1570 2308 1661 2355 κτλ.

210 2376 408 2418 Fortasse
437 2377 699 2417 scribendum
727 2372 757 2427 ἢ
767 2390 791 2417 ν
818 2374 1062 2433 καρδοπείῳ
1091 2388 1293 2432 περιπα
1303 2375 1365 2434 γῇ
1375 2392 1410 2426 ς.

900 2488 971 2529 ΙΧ.

419 2564 620 2608 Παύσειν
648 2564 755 2623 ἔοιχ’
786 2565 814 2619 ἡ
844 2565 1099 2620 παυσικάπη
1127 2563 1349 2610 κάπτοντά
1377 2581 1438 2610 σε.

318 2650 548 2693 Scholiasta
579 2653 674 2694 Pac.
706 2666 743 2694 v.
774 2654 852 2694 14:
892 2647 1103 2693 Εἰώθασι
1139 2649 1221 2707 γὰρ
1256 2645 1348 2705 ἅμα
1384 2647 1444 2705 τῷ
1480 2645 1660 2703 μάττειν

208 2713 395 2772 ἐσθίειν,
424 2715 505 2773 ἀφ’
535 2711 588 2760 οὗ
614 2720 688 2761 καὶ
719 2717 801 2771 τὴν
830 2717 1112 2771 πανσικάπην
1141 2722 1279 2772 (codd.
1297 2714 1536 2773 πασικάην)
1566 2717 1660 2761 ἐπε-
