1716 3164
493 188 756 231 FABULAE
790 187 1096 230 INGERTAE.
1448 186 1529 226 681

273 295 395 351 ὅστις
424 296 648 343 ἐπικαύσει
676 297 755 349 τὰς
783 296 979 356 κεφαλὰς
1010 296 1096 340 τῶν
1124 292 1334 356 ῥητόρων.

276 384 642 436 κεκολλόπευκας·
673 384 909 441 τοιγαροῦν
939 380 1083 442 ῥήτωρ
1114 380 1214 428 ἔσει.

167 503 371 544 Stobaeus
403 504 548 556 Eclog.
579 501 697 555 phys.
730 501 768 540 11
800 501 826 540 3
857 513 897 553 p.
913 501 982 540 26.
1014 499 1084 539 ubi
1116 499 1376 539 Heerenius:
1407 498 1533 549 „Pla-

54 572 165 631 tuonis
194 573 298 614 haec
328 587 493 627 quoque
523 573 665 612 volunt
705 584 798 610 esse
828 571 949 610 codd.
982 571 1032 612 V.
1063 571 1113 611 A.
1143 571 1195 611 E.
1238 571 1306 621 qui
1347 569 1535 622 philoso-

7 630 9 632 ¹
55 643 128 695 phi
166 657 315 685 nomen
353 646 395 685 in
435 657 564 697 marg.
604 642 771 682 habent.
839 642 1010 681 Frustra
1048 646 1184 681 tamen
1227 654 1274 680 ea
1311 640 1353 680 in
1393 645 1535 681 nostro

8 728 9 735 ¹
59 713 235 755 Platone
265 716 420 768 quaeri,
434 708 660 754 ‘annotavit
687 713 768 752 iam
800 712 1043 752 Canterus.”
1109 712 1154 751 In
1185 725 1336 764 graeco
1367 711 1537 752 Stobaei

60 785 226 825 Canter.
257 785 440 837 margine
469 785 586 825 locus
618 784 781 824 Platoni
813 784 889 823 sub
920 783 1042 823 titulo
1073 780 1153 822 τοῦ
1185 778 1349 833 αὐτοῦ,
1390 784 1432 824 in
1474 784 1536 824 la-

56 855 142 895 tino
171 855 348 896 Platoni
375 856 535 896 Phaed.
566 855 775 895 tribuitur.
846 854 1030 895 Platonis
1070 855 1216 895 comici
1256 868 1348 895 esse
1378 867 1536 906 versus,

53 923 233 967 fortasse
277 940 327 967 ex
369 923 540 967 Phaone
584 926 730 966 ductos
769 926 930 965 monuit
975 926 1188 966 Porsonus
1231 925 1283 966 ad
1321 926 1538 979 Euripidis

52 994 170 1037 Med.
201 997 283 1037 139
314 1010 382 1038 no.
417 998 512 1038 ΧΠ.
571 997 644 1039 Vs.
676 997 699 1036 1
733 1000 822 1036 erat
851 989 921 1036 ἄν.
967 1022 1024 1029 —-
1069 997 1142 1037 Vs.
1175 997 1202 1036 3
1232 991 1340 1049 ἡμῖν
1369 998 1537 1038 Heere-

53 1066 161 1108 nius.
191 1068 304 1108 Libri
327 1063 464 1120 ἡμῶν.
498 1094 553 1100 -
583 1068 654 1110 Vs.
672 1067 699 1107 4
728 1067 899 1120 respicit
927 1067 1132 1109 Aristides
1162 1069 1243 1108 vol.
1262 1069 1324 1108 111
1342 1083 1383 1122 p.
1400 1070 1486 1110 222
1501 1082 1538 1111 c.

53 1135 260 1179 Periclem
304 1141 445 1180 dicens
487 1143 675 1179 oratores
720 1139 918 1191 loquaces
967 1139 1019 1178 ad
1068 1139 1280 1180 silentium
1319 1140 1538 1193 redegisse

57 1219 133 1257 sua
162 1209 327 1251 dicendi
357 1212 410 1260 vi,
439 1201 552 1250 ὥστε
583 1203 625 1249 εἰ
649 1206 711 1263 μὴ
742 1205 858 1249 καθ’
887 1204 1146 1263 “Ηρακλέα,
1180 1206 1295 1249 κατὰ
1324 1209 1431 1262 γοῦν
1460 1208 1541 1252 τὸν

52 1273 248 1330 Ἰόλεων,
278 1270 334 1331 ἦν
364 1275 578 1330 ε’πικάων,
607 1276 666 1328 ὥς
695 1277 746 1320 τὸ
776 1279 856 1321 τοῦ
884 1277 1078 1332 κωμικοῦ
1106 1278 1251 1335 ῥῆμα,
1291 1279 1372 1331 τὰς
1401 1296 1541 1338 κεφα-

57 1345 138 1397 λὰς
165 1349 254 1390 τῶν
293 1346 520 1392 πλειόνων.
577 1354 669 1404 Quo
699 1353 792 1392 loco
825 1353 894 1406 qui
936 1364 1038 1392 usus
1078 1356 1145 1392 est
1182 1353 1416 1406 Porsonus,
1453 1353 1542 1396 τῶν

54 1416 270 1460 πλειόνων
296 1422 483 1476 praefert
510 1423 679 1463 lectioni
710 1423 821 1476 apud
850 1423 1077 1463 stobaeum
1110 1420 1199 1462 τῶν
1228 1421 1444 1480 ρητόρων.
1483 1453 1542 1460 --

55 1490 129 1534 Vs.
157 1493 185 1534 5
214 1489 556 1541 κεκολλόπευκας
586 1494 680 1535 cod.
711 1495 799 1536 VA.
829 1488 1145 1541 κεκολόπευκας
1175 1495 1393 1538 canterus.
1431 1499 1542 1541 Vide

58 1563 111 1604 ad
139 1565 294 1607 Eubuli
325 1565 490 1618 Antiop.
510 1565 562 1606 11.
622 1566 821 1606 Ceterum
852 1566 905 1606 ad
935 1567 1186 1606 sententiam
1216 1567 1299 1608 loci
1328 1570 1541 1622 aptissime

56 1638 306 1689 comparavit
337 1637 573 1677 Heerenius
605 1637 789 1678 Platonis
818 1638 1006 1691 Euthyd.
1022 1651 1078 1718 p.
1110 1639 1196 1679 297
1227 1640 1285 1680 C:
1315 1638 1430 1679 πολυ
1458 1636 1543 1696 γάρ

57 1718 144 1746 που
174 1697 445 1762 φαυλότερός
474 1720 564 1761 ειμι
602 1705 681 1747 τοῦ
706 1703 984 1761 Ἡρακλέους,
1015 1702 1064 1756 ὃς
1093 1703 1174 1763 οὐχ
1205 1701 1297 1758 οἰός
1330 1724 1373 1750 τε
1402 1700 1460 1762 ἦν
1490 1709 1546 1752 τῖ

60 1789 106 1816 τε
135 1770 263 1855 ὕδρα
280 1775 600 1832 διαμάχεσθαι,
632 1776 876 1835 σοφιστρία
907 1775 1018 1837 οὕση
1048 1780 1122 1820 καὶ
1154 1778 1230 1820 διὰ
1259 1777 1343 1831 τὴν
1374 1779 1545 1837 σοφίαν

61 1843 248 1906 ἀνιείσῃ,
281 1843 323 1889 εἰ
348 1864 411 1899 εις
439 1846 551 1904 μίαν
579 1847 777 1905 κεφαλην
807 1847 886 1890 τοῦ
915 1846 1049 1904 λόγου
1077 1864 1143 1900 τις
1173 1847 1402 1907 ἀποτέμοι,
1435 1853 1544 1895 πολ-

57 1916 136 1969 λάς
163 1916 262 1962 ἀντὶ
291 1918 369 1971 τῆς
394 1919 499 1975 μιᾶς
530 1926 609 1964 etc.

687 2064 723 2106 V
754 2077 791 2104 a.
820 2064 862 2104 b.
894 2076 931 2104 c.

227 2172 390 2227 Λαβοῦ
419 2156 564 2228 λαβοῦ
592 2172 669 2226 τῆς
692 2171 837 2231 χειρὸς
865 2170 923 2224 ιῦς
952 2170 1140 2230 τάχιστά
1169 2190 1259 2231 μου
1276 2190 1287 2201 ·

228 2257 371 2314 μέλλω
402 2257 653 2315 στρατηγὸν
677 2264 944 2317 χειροτονεῖν
971 2258 1226 2318 Ἀγύρριον.

320 2347 339 2368 0
637 2348 658 2370 ὓ
948 2350 967 2370 t
1258 2349 1277 2370 t

233 2423 548 2481 Προσίσταταί
575 2442 664 2483 μου
693 2427 802 2485 πρὸς
831 2427 882 2471 τὸ
912 2428 1037 2485 βῆμα
1067 2429 1278 2485 μαντίλη.

649 2517 668 2538 t
957 2519 976 2540 t
1267 2519 1286 2540 t

229 2591 394 2637 Βόσκει
422 2593 601 2650 δυσώδη
632 2598 861 2655 Κέφαλον,
888 2595 1125 2656 αἰσχίστην
1154 2599 1303 2644 νόσον.

173 2708 422 2752 Plutarchus
448 2712 501 2752 de
529 2714 714 2766 gerenda
743 2716 908 2768 republ.
939 2729 980 2769 p.
1013 2717 1095 2757 801
1115 2718 1162 2758 b:
1203 2715 1247 2757 οἱ
1288 2713 1424 2770 δῆμοι
1471 2712 1546 2756 διὰ

74 2776 244 2834 τρυφὴν
270 2781 345 2822 καὶ
375 2775 506 2838 ὕβριν
533 2779 563 2834 ἢ
593 2780 831 2838 βελτιόνων
865 2781 1032 2843 ἀπορίᾳ
1062 2785 1338 2843 δημαγωγῶν
1354 2785 1549 2844 χρῶνται
