1716 3164
622 161 759 206 BAB
767 158 1044 206 ΥΛΩΝιοι.
1475 166 1565 211 ⁹7⁸

89 295 196 336 νων,
232 275 392 324 σπάνει
420 276 508 321 τῶν
537 276 886 335 πολιτευομένων
910 275 1171 333 ἐπέγραψαν
1197 275 1288 326 τοῖς
1315 271 1493 329 δούλοις
1514 277 1563 323 ἐκ

86 354 211 397 πέντε
248 347 480 408 στατήρων
520 348 602 403 τὴν
639 346 958 400 ἰσοπολιτείαν,
995 343 1055 397 ὥς
1090 343 1405 403 Ἀριστοτέλης
1431 348 1481 392 ἐν
1506 349 1564 409 τῇ

85 420 272 479 Σαμίων
298 419 515 480 πολιτείᾳ.
570 425 636 465 his
664 423 892 475 adiungunt
920 421 1041 462 uliam
1070 420 1454 474 interpretationem
1482 423 1563 466 mi-

87 510 165 538 nus
194 498 317 538 etiam
346 495 627 550 probabilem:
655 487 731 534 ”H
768 485 839 533 ὅτι
876 487 998 546 παρὰ
1026 486 1219 544 Σαμίοις
1248 486 1413 546 εὑρέθη
1443 488 1562 550 πρώ-

87 581 179 616 τοις
207 565 264 607 τὰ
290 562 354 607 κδ’
384 561 646 621 γράμματα,
674 559 761 605 ὑπὸ
792 556 1157 617 Καλλιστράτου,
1187 557 1246 609 ώς
1275 557 1488 618 ’Ἄνδρων
1513 563 1563 606 έν

94 635 303 693 Τρίποδι·
347 635 448 685 τούς
492 634 540 676 δὲ
581 630 869 685 Ἀθηναίους
912 630 1056 674 ἔπεισε
1090 629 1298 688 χρῆσθαι
1341 635 1432 684 τοῖς
1473 634 1562 678 τῶν

86 705 249 749 Ἰώνων
286 703 516 764 γράμμασι
554 702 730 761 ἄρχειν·
772 705 816 746 οἱ
855 700 905 745 δ’
934 699 1215 754 Ἀθηναίοις
1249 701 1322 745 ἐπὶ
1351 701 1562 763 ἄρχοντος

88 776 340 822 Εὐκλείδου.
381 779 670 830 (scribendum
700 777 891 819 videtur:
918 772 1121 830 Ἀρχῖνος
1144 769 1431 831 Ἀθηναῖος)
1460 776 1564 829 τοὺς

89 850 136 892 δὲ
172 846 489 904 Βαβυλωνίους
524 845 696 899 ἐδίδαξε
737 846 812 888 διὰ
849 841 1191 902 Καλλιστράτου
1230 842 1562 905 Ἀριστοφάνης

89 919 203 964 ἔτεσι
243 919 328 977 πρὸ
365 919 444 961 τοῦ
478 915 717 961 Εὐκλείδου
757 914 820 959 κδ’
862 917 935 958 ἐπὶ
974 914 1203 966 Εὐκλέους.
1261 918 1359 974 περὶ
1395 918 1442 961 δὲ
1480 920 1562 963 τοῦ

89 990 322 1041 πείσαντος
351 991 520 1047 ἱστορεῖ
548 987 824 1045 Θεόπομπος.
896 991 1083 1030 Tertiam
1113 990 1293 1042 denique
1323 993 1563 1045 explicatio-

89 1079 184 1107 nem
214 1065 506 1119 subiungunta
526 1060 569 1103 οἱ
600 1060 646 1101 δὲ
676 1054 746 1102 ὅτι
781 1056 1034 1111 Ἀθηναῖοι
1061 1060 1143 1114 μὲν
1170 1057 1272 1109 τοὺς
1300 1059 1564 1118 ληφθέντας

89 1134 136 1175 ἐν
173 1135 347 1192 πολέμῳ
385 1130 585 1188 Σαμίους
622 1129 790 1183 ἔστιζον
824 1127 1000 1186 γλαυκί,
1038 1128 1208 1185 Σάμιοι
1237 1130 1345 1186 (δὲ)
1385 1131 1441 1191 τῇ
1467 1133 1564 1176 Σα..

91 1202 250 1262 μαίνῃ,
289 1199 316 1246 ὅ
351 1203 444 1246 ἐστι
482 1203 637 1245 πλοῖον
677 1199 879 1258 δίκροτον
915 1197 1002 1243 ὑπὸ
1039 1198 1354 1258 Πολυκράτους
1389 1204 1565 1262 πρῶτον

90 1276 466 1332 παρασκευασθὲν
493 1273 572 1316 τοῦ
600 1271 786 1329 Σαμίων
816 1269 1042 1328 τυράννου,
1071 1269 1130 1322 ώς
1158 1271 1418 1329 Λυσίμαχος
1444 1275 1491 1318 έν
1519 1273 1564 1331 β’

91 1345 304 1388 Νοστών·
347 1344 397 1387 τὸ
435 1345 480 1386 δὲ
518 1341 702 1399 πλάσμα
730 1340 940 1401 Δούριδος
980 1345 1272 1396 (scribendum
1308 1349 1474 1390 videtur
1509 1348 1562 1390 τό

91 1417 138 1458 δὲ
178 1414 382 1471 κόλασμα
412 1414 611 1472 Δοῦρις.)
650 1414 694 1455 οἱ
730 1413 775 1455 δὲ
812 1412 895 1466 τὴν
922 1412 1164 1469 Σάμαιναν
1196 1412 1395 1471 νόμισμα
1431 1410 1560 1465 εἶναι.

89 1490 195 1532 Sunt
224 1495 361 1530 autem
390 1489 496 1530 haec
525 1489 661 1529 omnia
691 1493 737 1528 ut
767 1487 929 1528 videtur
958 1501 1007 1528 ex
1037 1489 1214 1541 antiquis
1243 1490 1565 1544 Babyloniorum

89 1562 382 1614 interpretibus
413 1561 553 1613 petita.
594 1561 648 1599 Et
678 1559 782 1599 haec
813 1559 980 1611 quidem
1010 1560 1241 1612 explicatio,
1272 1575 1377 1614 quae
1408 1576 1432 1604 a
1462 1565 1563 1607 belli

20 1618 32 1625 ι’
91 1633 217 1674 Samii
255 1632 453 1672 memoria
489 1631 666 1684 repetita
705 1635 789 1680 est,
828 1630 1050 1683 plurimum
1089 1631 1216 1671 habet
1245 1634 1560 1688 probabilitatis,

90 1703 358 1756 sequiturque
387 1702 560 1742 eandem
595 1701 840 1742 Plutarchus
871 1701 941 1741 vit.
973 1701 1122 1742 Pericl.
1153 1703 1275 1752 c.26,
1313 1717 1561 1758 quamquam

90 1775 127 1815 is
159 1774 324 1827 quidem
364 1772 617 1824 aliquantum
656 1785 679 1812 a
721 1771 855 1812 Photii
904 1773 1139 1812 narratione
1184 1773 1365 1815 recedit:
1416 1772 1471 1815 Οἱ
1514 1774 1562 1818 δὲ

90 1839 257 1898 Σάμιοι
305 1839 407 1891 τοὺς
442 1835 747 1895 αἰχμαλώτους
783 1839 871 1880 τῶν
906 1837 1179 1891 Ἀθηναίων
1215 1838 1563 1900 ἀνθυβρίζοντες

90 1911 260 1964 ἔστιζον
287 1907 347 1962 εἰς
375 1909 425 1953 τὸ
447 1913 652 1967 μέτωπον
668 1910 881 1966 γλαῦκας·
911 1911 985 1952 καὶ
1008 1908 1092 1966 γὰρ
1120 1909 1306 1962 ἐκείνους
1335 1915 1378 1955 οἱ
1405 1912 1561 1970 Ἀθη..

90 1985 208 2025 ναῖοι
248 1980 489 2038 σάμαιναν,
530 2007 584 2015 ——·
621 1980 746 2038 Πρὸς
774 1981 917 2023 ταῦτα
949 1979 1002 2022 τὰ
1032 1980 1255 2037 στίγματα
1284 1984 1459 2038 λέγουσι
1483 1989 1561 2032 καὶ

89 2053 141 2096 τὸ
171 2050 544 2112 Ἀριστοφάνειον
579 2049 790 2112 ᾐνίχθαι·
830 2050 1017 2107 Σαμίων
1054 2050 1078 2094 ὁ
1110 2053 1248 2109 δῆμος
1275 2056 1367 2101 κτλ.
1433 2062 1559 2104 Nam-

91 2140 172 2181 que
210 2132 532 2168 consentaneum
570 2131 633 2168 est
669 2126 947 2168 Athenienses
986 2127 1135 2167 Samiis
1187 2129 1318 2181 captis
1366 2136 1559 2174 noctuam

91 2200 259 2240 inurere
287 2199 432 2239 solitos
460 2211 572 2248 esse,
612 2203 804 2250 tanquam
834 2197 919 2238 suis
950 2198 1186 2251 mancipiis,
1224 2203 1368 2240 contra
1397 2201 1558 2244 Samios

93 2269 414 2310 Atheniensibus
451 2269 715 2309 Samaenam:
753 2272 795 2307 et
833 2269 893 2307 sic
929 2268 1053 2308 etiam
1082 2269 1241 2309 Aelian.
1273 2270 1324 2311 V.
1353 2271 1408 2311 H.
1440 2271 1479 2311 11
1507 2273 1558 2313 92

97 2334 210 2385 Τούς
256 2350 302 2388 γε
338 2334 428 2389 μὴν
472 2332 782 2389 ἁλισκομένους
819 2331 1122 2388 αἰχμαλώτους
1167 2335 1355 2391 Σαμίων
1399 2337 1559 2392 στίζειν

92 2403 205 2446 κατὰ
232 2404 311 2446 τοῦ
339 2403 574 2461 προσώπου
603 2405 678 2446 καὶ
706 2396 820 2446 εἶναι
851 2403 899 2446 τὸ
929 2403 1095 2461 στίγμα
1123 2406 1293 2462 γλαῦκα
1319 2410 1397 2452 καὶ
1425 2412 1556 2455 τοῦτο

93 2473 300 2518 Ἀττικὸν
328 2472 560 2531 ψήφισμα.

788 2591 864 2632 111.

204 2686 462 2740 Hesychius:
503 2680 732 2741 Ἰστριανά
746 2701 756 2713 ·
796 2683 1134 2742 Ἀριστοφάνης
1171 2686 1219 2728 έν
1247 2687 1554 2743 Βαβυλωνίοις

93 2750 156 2793 τὰ
183 2769 214 2806 μ
224 2755 243 2794 έ
253 2769 278 2794 τ
290 2769 323 2795 ω
336 2770 366 2796 π
376 2772 405 2797 α
435 2754 521 2797 τῶν
542 2750 720 2798 οἰκετῶν
746 2754 787 2797 '1
799 2771 826 2798 σ
837 2772 861 2798 τ
872 2772 922 2813 ρι
932 2773 961 2798 α
971 2753 1032 2798 νά
1059 2768 1212 2813 φησιν,
1240 2758 1333 2801 ἐπεὶ
1351 2759 1554 2815 ἐστιγμέ-
