1716 3158
609 185 719 230 ΔΑι
727 186 974 231 ΤΑΛΕΙΣ.
1165 156 1172 165 ’
1420 190 1534 233 102⁵

49 315 152 346 nova
180 301 397 344 comoedia
434 301 657 355 agebatur,
697 303 861 355 ipsique
901 302 1129 344 histriones
1159 301 1328 355 proprio
1358 314 1533 346 munere

47 373 327 426 fungebantur
374 386 452 414 nec
491 373 803 414 dissimulabant
839 378 996 423 artem,
1026 373 1108 413 hoc
1146 373 1257 413 enim
1296 377 1381 424 est,
1420 375 1530 427 quod

44 448 158 484 recte
189 444 356 496 exponit
385 444 699 496 grammaticus:
730 439 786 481 τά
815 437 901 482 ὑπὸ
932 441 993 482 ta?
997 453 1021 482 ν
1050 440 1303 497 θεατρικῶν
1329 442 1531 497 μιμηλῶς

43 508 271 566 γινόμενα,
298 507 356 561 ὠς
384 511 431 552 ἐν
461 509 699 567 ὑποκρίσει,
732 514 889 555 Eadem
918 514 1000 554 fuit
1028 514 1134 554 ratio
1158 514 1332 555 duarum
1354 517 1528 558 aliarum

43 585 334 637 Aristophanis
355 585 676 634 comoediarum,
708 597 815 637 quae
845 584 943 624 inde
973 585 1097 624 etiam
1127 597 1277 625 nomen
1301 589 1529 638 traxerunt,

41 649 258 709 Δράματα
294 649 323 704 ἤ
354 653 604 709 Κένταυρος
642 660 686 696 et
714 650 931 709 Δράματα
972 648 1001 704 ἢ
1032 651 1219 705 Νιόβος.
1291 656 1529 698 Vocabatur

43 731 182 767 autem
234 726 436 766 eiusmodi
488 726 770 779 spectaculum
824 725 993 779 proprio
1046 725 1214 765 nomine
1267 721 1529 777 ἐπεισόδιον,

44 797 155 848 quod
193 796 338 850 procul
375 801 583 837 remotum
624 810 648 837 a
677 797 918 837 comoediae
956 796 1128 837 consilio
1167 801 1210 836 et
1246 796 1436 837 instituto
1465 798 1531 839 iu-

43 867 281 917 seoebatur,
320 867 526 908 ludicrum
562 866 667 906 illud
698 867 863 919 quidem
904 867 1078 907 maxima
1116 880 1165 906 ex
1195 871 1314 919 parte
1355 874 1399 909 et
1427 870 1530 910 ridi-

44 938 206 978 culum:
245 938 346 978 dixit
375 937 607 978 accuratius
645 938 698 977 de
727 950 778 978 eo
809 938 1008 978 Meineke
1038 937 1092 978 ad
1121 938 1357 992 Metagenis
1392 937 1531 980 Φιλο-

41 1002 193 1057 &firma
220 1009 292 1048 Fr.
325 1008 368 1047 1:
468 1003 477 1008 “

266 1071 387 1117 Κατ’
420 1070 670 1117 ἐπεισόδιον
698 1071 962 1130 μεταβάλλω
992 1071 1072 1114 τὸν
1101 1068 1246 1125 λόγον,
1278 1072 1337 1126 ώς
1365 1073 1422 1118 ἂν

95 1147 293 1188 καιναῖσι
322 1143 547 1202 παροψίσι
575 1146 650 1187 καὶ
681 1146 865 1195 πολλαῖς
895 1141 1101 1199 εὐωχήσω
1133 1142 1183 1186 τὸ
1212 1146 1424 1203 θέατρον.

41 1221 102 1261 Ac
129 1232 350 1273 possumus
380 1220 619 1260 coniectura
648 1221 827 1272 assequi,
859 1218 982 1272 quale
1011 1217 1142 1258 fuerit
1169 1218 1275 1259 illud
1304 1223 1522 1273 spectacu-

40 1291 150 1332 lum:
181 1291 223 1332 iu
254 1290 374 1331 Pacis
406 1290 515 1331 euim
545 1290 738 1342 parabasi
768 1290 869 1329 dixit
898 1302 936 1329 v.
967 1289 1076 1329 739:

96 1359 286 1417 Πρῶτον
314 1361 396 1414 μὲν
425 1355 509 1414 γάρ
538 1355 640 1408 τοὺς
679 1354 948 1405 ἀντιπάλους
975 1353 1111 1411 μόνος
1151 1352 1408 1413 ἀνθρώπων
1450 1371 1530 1400 κα·

832 1428 1052 1468 τέπαυσεν

94 1495 156 1551 εἰς
196 1497 252 1541 τὰ
287 1495 419 1557 ῥάκια
455 1494 739 1548 σκώπτοντας
780 1493 852 1539 ἀεὶ
891 1496 968 1539 καὶ
1009 1497 1100 1547 τοῖς
1139 1496 1359 1555 φθειρσὶν
1398 1497 1529 1540 πολε·

828 1582 1040 1623 μουντας,

96 1635 198 1691 τούς
236 1635 296 1682 θ’
338 1635 584 1696 Ἡρακλέας
621 1637 723 1688 τοὺς
750 1636 1002 1695 μάττοντας
1037 1639 1114 1680 καὶ
1151 1634 1254 1687 τούς
1290 1635 1532 1687 πεινῶντας

830 1707 1019 1759 ἐκείνους

95 1776 281 1834 ἑξήλασ’
311 1774 541 1834 ἀτιμώσας
571 1777 741 1836 πρῶτος
769 1780 848 1822 καὶ
876 1778 979 1829 τοὺς
1008 1774 1192 1827 δούλους
1221 1776 1467 1833 παρέλυσεν

95 1847 173 1901 οὕς
199 1849 354 1904 ἐξῆγον
382 1847 600 1900 κλάοντας
630 1847 700 1891 ἀεὶ
729 1852 806 1892 καὶ
836 1848 1019 1899 τούτους
1048 1843 1208 1891 οὕνεκα
1238 1847 1381 1898 τουδί,

91 1916 158 1964 ἵν’
191 1918 215 1963 ὁ
246 1917 484 1970 σύνδουλος
514 1916 699 1976 σκώψας
728 1917 869 1962 αὐτοῦ
897 1919 974 1970 τὰς
1006 1917 1176 1974 πληγὰς
1206 1909 1290 1959 εἶτ’
1310 1916 1527 1974 ἀνέροιτο,

92 1982 128 2034 ὦ
166 1989 466 2048 κακόδαιμον,
503 1989 548 2034 τί
584 1989 636 2033 τὸ
673 1990 801 2048 δέρμ’
839 1989 1033 2044 ἔπαθεςς
1073 1989 1169 2046 μῶν
1205 1986 1400 2047 ὑστριχὶς
1437 1983 1529 2031 εἰσ-

830 2062 989 2117 έβαλέν
1020 2075 1093 2103 σοι

44 2160 47 2162 Δ
94 2127 156 2182 εἰς
185 2130 264 2182 τὰς
294 2130 482 2188 πλευρὰς
500 2130 644 2190 πολλῇ
667 2132 857 2191 στρατιᾷ
898 2127 1279 2188 κάδενδροτόμησε
1300 2126 1351 2171 τὸ
1374 2127 1529 2173 νῶτον.

98 2201 283 2245 Τοιαῦτ’
321 2200 501 2258 ἀφελών
536 2201 650 2245 κακὰ
694 2205 772 2246 καὶ
815 2201 986 2260 φόρτον
1030 2204 1107 2245 καὶ
1161 2196 1528 2256 βωμολοχεύματ’

833 2271 996 2327 ἀγεννῆ

93 2339 272 2392 ἐποίησε
303 2341 459 2395 τέχνην
489 2337 684 2395 μεγάλην
714 2339 820 2396 ὑμῖν
848 2343 940 2385 κτλ.

37 2413 262 2455 Contendit
289 2414 416 2466 igitur
431 2416 556 2465 poeta
579 2425 640 2462 se,
657 2426 750 2455 cum
774 2416 952 2468 primum
968 2413 1129 2453 fabulas
1157 2411 1358 2461 docuerit,
1383 2421 1526 2451 aemu-

37 2482 103 2524 los
132 2488 280 2536 poetas
303 2483 486 2536 graviter
509 2495 695 2534 vexasse,
728 2485 799 2538 qui
828 2497 995 2538 semper
1026 2483 1158 2524 secuti
1188 2482 1381 2533 antiquae
1411 2481 1526 2522 illius

38 2556 82 2594 et
122 2553 383 2594 subrusticae
427 2553 669 2594 comoediae
716 2556 1061 2595 cousuetudinem
1099 2565 1242 2593 servos
1283 2551 1527 2604 vapulantes

39 2628 83 2664 ct
107 2622 270 2664 abiecta
291 2623 495 2676 quaedam
526 2627 568 2664 et
596 2623 750 2677 frigida
779 2625 950 2666 dicteria
980 2625 1181 2671 dicentes,
1211 2627 1282 2663 aut
1297 2622 1529 2663 Herculem

38 2674 216 2745 aliquan}
246 2694 501 2735 esurientem
549 2695 809 2746 induxerint,
854 2700 901 2735 ut
928 2695 996 2735 his
1029 2693 1277 2747 spectaculis
1306 2691 1530 2745 propositis

36 2763 337 2816 populivrisum
366 2765 608 2806 excitarent.
654 2767 710 2808 At
738 2766 839 2818 quid
868 2766 1003 2819 aptius
1033 2767 1076 2803 et
1105 2762 1362 2805 commodius
1392 2761 1530 2816 potuit

93 2838 264 2877 comoed.
298 2848 371 2878 ant.
1201 2833 1257 2873 65
