1716 3164
200 160 284 201 920
701 158 1136 202 ARISTOPHANES.

254 266 558 323 ’Λντωμοσίας
586 269 660 308 καὶ
689 264 970 323 προσκλήσεις
999 268 1074 308 καὶ
1100 267 1337 326 μαρτυρίας
1366 268 1644 321 συνεκόλλων,

257 331 365 378 ὥστ’
381 335 613 388 ἀναπηδᾶν
641 336 942 391 δειμαίνοντας
961 334 1144 385 πολλοὺς
1171 334 1227 386 ὥς
1255 338 1331 379 τὸν
1360 341 1668 402 πολέμαρχον,·

203 408 298 448 Hoc
327 409 434 448 enim
461 409 572 458 dicit,
600 422 646 449 se
674 422 751 449 nec
765 412 876 448 metu
907 421 987 448 nec
1016 421 1089 461 spe
1120 421 1169 448 eo
1201 409 1346 450 adduci
1376 414 1572 464 potuisse,
1601 416 1647 452 ut

205 476 348 516 Cleoni
376 482 586 530 parceret,
616 478 689 518 sed
718 482 861 530 postea
889 489 1050 530 quoque
1079 479 1256 529 graviter
1283 480 1526 520 insectatum
1557 494 1647 521 esse

205 545 413 598 improbos
441 548 533 588 illos
563 548 885 596 calumniatores,
917 547 985 598 qui
1009 549 1117 586 arcta
1133 547 1305 598 quadam
1333 549 1525 588 socictate
1557 562 1647 588 cum

206 615 362 656 Cleone
397 617 602 657 coniuncti
644 620 781 657 erant:
822 616 919 656 dicit
955 619 1092 656 autem
1130 616 1342 656 Holcades
1383 615 1649 665 comoediam,

206 685 315 736 quod
346 698 419 726 suo
449 687 539 726 loco
571 685 855 726 demonstravi.
922 685 969 725 In
1008 690 1185 725 extrema
1215 686 1390 737 denique
1419 687 1648 737 Vesparum

204 756 390 806 parabasi
416 755 681 806 conqueritur
707 754 759 793 de
787 754 1052 793 inconstantia
1069 754 1391 804 Atheniensium,
1409 755 1476 806 qui
1494 758 1653 806 poetae,
1699 760 1704 775 ··’

207 816 359 864 cuma
394 825 517 863 rebus
554 823 728 875 publicis
767 823 943 862 animum
981 826 1213 861 revocasset
1253 827 1294 862 et
1334 824 1453 864 altius
1490 823 1654 875 aliquod

205 897 489 945 argumentum
505 893 728 946 petivisset,
759 892 934 931 divinum
959 891 1174 932 consilium
1197 904 1338 943 parum
1354 896 1652 946 perspexerunt
1703 887 1707 902 *

205 961 365 1013 ipsique
394 967 535 1015 poetas
564 963 687 1013 longe
715 960 933 1000 inferiores
963 960 1264 1000 antetulerunt:

264 1026 439 1069 Τοιόνό’
471 1025 663 1084 εὑρόντες
689 1025 939 1078 ἀλεξίκακον
967 1026 1041 1077 τῆς
1066 1023 1202 1082 χῶρος
1230 1025 1361 1078 τῆσδε
1389 1023 1625 1083 καθαρτὴν

264 1097 446 1153 πέρυσιν
474 1094 803 1153 καταπρούδοτε
839 1095 1117 1144 καινοτάταις
1147 1094 1370 1152 σπείροντ’
1398 1092 1533 1136 αὐτὸν
1562 1095 1655 1136 δια-

987 1177 1140 1216 νοιαις,

264 1229 316 1283 ἃς
342 1231 427 1276 ὑπὸ
456 1233 535 1276 τοῦ
569 1232 627 1289 μή
660 1232 822 1288 γνῶναι
859 1231 1069 1288 καθαρῶς
1108 1230 1227 1288 ὑμεῖς
1262 1228 1492 1284 ἐποιήσατ’
1525 1228 1657 1272 ἄναλ-

984 1302 1083 1351 δεῖς.

265 1369 340 1414 καί
367 1387 438 1414 τοι
467 1371 665 1414 σπένδων
693 1369 820 1413 πόλλ’
848 1371 918 1413 ἐπὶ
946 1371 1121 1419 πολλοῖς
1150 1366 1334 1425 ὄμνυσιν
1361 1368 1438 1414 τὸν
1449 1367 1660 1412 Διόνυσον

266 1440 327 1496 μὴ
357 1439 525 1484 πώποτ’
559 1438 758 1497 ἀμείνον’
787 1439 868 1492 ἔπη
897 1438 1064 1482 τούτων
1092 1438 1320 1496 κωμῳδικὰ
1347 1437 1502 1495 μηδέν’
1533 1438 1660 1482 ἀκοῦ-

986 1524 1061 1552 σαι
1090 1509 1178 1551 κτλ.

212 1581 330 1621 Haec
366 1582 492 1634 igitur
521 1582 815 1634 Aristophanes
854 1582 896 1622 in
926 1582 1100 1634 Vespis,
1138 1592 1237 1632 quas
1266 1580 1403 1619 docuit
1431 1579 1659 1619 Philonidis

212 1652 398 1701 nomine,
428 1652 480 1691 de
509 1663 583 1691 sua
610 1652 726 1702 poesi
757 1651 944 1702 exponit:
983 1653 1213 1702 congruunt
1240 1648 1330 1687 fere
1358 1661 1462 1700 quae
1491 1649 1590 1688 dicit
1616 1648 1659 1690 in

215 1721 401 1772 parabasi
431 1721 610 1760 Nubium
640 1720 926 1772 posteriorum,
956 1720 1129 1759 maxime
1158 1731 1195 1758 v.
1225 1717 1330 1757 520:

276 1781 399 1828 Οὕτω
428 1784 652 1841 νικήσαιμί
681 1783 726 1827 τ’
758 1785 835 1839 ἐγώ
866 1788 940 1828 καὶ
969 1784 1223 1842 νομιζοίμην
1251 1781 1402 1840 σοφός,

269 1853 327 1904 ῶς
356 1854 467 1910 ὑμᾶς
494 1853 729 1910 ἡγούμενος
757 1847 868 1897 εἶναι
897 1855 1064 1904 θεατὰς
1094 1851 1275 1906 δεξιούς,

271 1926 347 1967 καὶ
373 1923 538 1978 ταύτην
566 1921 791 1980 σοφώτατ’
823 1923 932 1980 ἔχειν
959 1925 1046 1966 τῶν
1074 1924 1187 1979 ε’μῶν
1215 1920 1461 1979 κωμῳδιῶν,

275 1993 468 2050 πρώτους
496 2000 534 2048 *)
568 1991 719 2046 ἠξίωσ’
751 1992 955 2048 ἀναγεῦσ’
990 1992 1112 2049 ὑμᾶς,
1137 1990 1172 2044 ‘1‘2'
1199 1992 1382 2047 παρέσχε
1409 2005 1487 2046 μοι

274 2061 399 2118 ἔργον
427 2063 653 2105 πλεῖστον·
683 2055 763 2104 εἶτ’
796 2061 1035 2119 ἀνεχώρουν
1062 2060 1137 2104 ὑπ’
1169 2060 1337 2116 ἀνδρῶν
1365 2058 1581 2115 φορτικῶν

273 2130 498 2184 ἡττηθείς,
528 2130 605 2174 οὐκ
634 2130 752 2185 ἄξιος
778 2129 859 2172 ῶν·
892 2129 1016 2173 ταῦτ’
1047 2123 1126 2172 οὗν
1154 2128 1256 2185 ὑμῖν
1282 2130 1514 2184 μέμφομαι

273 2204 363 2251 τοῖς
392 2202 557 2258 σοφοῖς,
586 2194 648 2243 ῶν
677 2195 818 2242 οὕνεκ’
843 2200 920 2254 ἐγώ
949 2199 1079 2242 ταῦτ’
1108 2196 1511 2254 ἐπραγματευόμην.

220 2274 329 2315 Dicit
365 2276 472 2314 enim
511 2287 557 2314 se
604 2275 644 2314 in
685 2273 869 2313 Nubibus
916 2273 1206 2325 componendis
1246 2271 1465 2323 plurimum
1509 2267 1662 2307 laboris

222 2344 426 2397 studiique
456 2344 700 2393 collocasse,
739 2343 1009 2384 Athenienses
1038 2348 1175 2383 tamen
1204 2341 1410 2393 sapienter
1438 2338 1662 2379 subtiliter-

312 2526 342 2568 Ι“)
364 2526 531 2561 Fortasse
552 2527 734 2569 legendum
758 2531 833 2561 est:
866 2527 1047 2572 πρῴους
1078 2522 1203 2569 istam*
1229 2519 1394 2567 dvaysfia'
1422 2522 1519 2566 ὑμᾶς.
1570 2520 1660 2566 Nam

220 2579 375 2627 πρώτους
413 2586 550 2629 quidem
581 2586 665 2620 'ferri
688 2598 754 2620 non
787 2590 918 2630 potest:
951 2586 1016 2619 hoc
1046 2585 1137 2618 enim
1174 2582 1391 2628 conqueritur
1413 2584 1533 2624 poeta,
1569 2579 1661 2622 quod

222 2642 324 2675 nimis
347 2648 493 2687 mature,
525 2647 614 2689 quod
643 2646 733 2680 iusto
766 2646 863 2680 citius
886 2644 1171 2686 Atheniensibus,
1198 2643 1255 2687 qui
1279 2640 1444 2676 eiusmodi
1467 2637 1660 2673 comoedias

222 2705 302 2736 tunc
325 2714 392 2737 non
415 2704 496 2738 satis
521 2705 712 2749 intelligere
735 2705 912 2747 valuerint,
936 2705 1054 2739 Nubes
1078 2701 1280 2737 exhibuerit.
