<?xml version="1.0" encoding="UTF-8"?>
<!DOCTYPE html PUBLIC "-//W3C//DTD XHTML 1.0 Transitional//EN"
    "http://www.w3.org/TR/xhtml1/DTD/xhtml1-transitional.dtd">
<html xmlns="http://www.w3.org/1999/xhtml" xml:lang="en" lang="en">
 <head>
  <title>
</title>
<meta http-equiv="Content-Type" content="text/html;charset=utf-8" />
  <meta name='ocr-system' content='tesseract 3.04.00' />
  <meta name='ocr-capabilities' content='ocr_page ocr_carea ocr_par ocr_line ocrx_word'/>
</head>
<body>
  <div class='ocr_page' id='page_1' title='image "./fragmentacomicor02meinuoft_0152.png"; bbox 0 0 1716 3158; ppageno 0'>
   <div class='ocr_carea' id='block_1_1' title="bbox 192 159 1008 202">
    <p class='ocr_par' dir='ltr' id='par_1_1' title="bbox 192 159 1008 202">
     <span class='ocr_line' id='line_1_1' title="bbox 192 159 1008 202; baseline 0.001 -2"><span class='ocrx_word' id='word_1_1' title='bbox 192 159 274 201; x_wconf 78' lang='lat'><strong>750</strong></span> <span class='ocrx_word' id='word_1_2' title='bbox 807 160 1008 202; x_wconf 73' lang='lat' dir='ltr'><strong>LEUco,</strong></span> 
     </span>
    </p>
   </div>
   <div class='ocr_carea' id='block_1_2' title="bbox 191 269 1661 605">
    <p class='ocr_par' dir='ltr' id='par_1_2' title="bbox 191 269 1661 605">
     <span class='ocr_line' id='line_1_2' title="bbox 191 269 1644 326; baseline 0.005 -14"><span class='ocrx_word' id='word_1_3' title='bbox 191 271 250 312; x_wconf 84' lang='lat' dir='ltr'><strong>hil</strong></span> <span class='ocrx_word' id='word_1_4' title='bbox 287 273 458 310; x_wconf 78' lang='lat' dir='ltr'><strong>constat.</strong></span> <span class='ocrx_word' id='word_1_5' title='bbox 531 269 689 310; x_wconf 86' lang='lat' dir='ltr'><strong>Nomen</strong></span> <span class='ocrx_word' id='word_1_6' title='bbox 735 271 868 322; x_wconf 76' lang='lat' dir='ltr'><strong>ipsum</strong></span> <span class='ocrx_word' id='word_1_7' title='bbox 915 271 1125 323; x_wconf 81' lang='lat' dir='ltr'><strong>Aegyptiis</strong></span> <span class='ocrx_word' id='word_1_8' title='bbox 1168 273 1470 326; x_wconf 74' lang='lat' dir='ltr'><strong>frequentatum</strong></span> <span class='ocrx_word' id='word_1_9' title='bbox 1516 277 1644 318; x_wconf 80' lang='lat' dir='ltr'><strong>fuisse</strong></span> 
     </span>
     <span class='ocr_line' id='line_1_3' title="bbox 192 339 1661 399; baseline 0.005 -18"><span class='ocrx_word' id='word_1_10' title='bbox 192 340 313 381; x_wconf 85' lang='lat' dir='ltr'><strong>docet</strong></span> <span class='ocrx_word' id='word_1_11' title='bbox 353 339 498 378; x_wconf 78' lang='lat' dir='ltr'><strong>allatus</strong></span> <span class='ocrx_word' id='word_1_12' title='bbox 536 339 586 378; x_wconf 79' lang='lat' dir='ltr'><strong>ab</strong></span> <span class='ocrx_word' id='word_1_13' title='bbox 616 339 823 391; x_wconf 82' lang='lat' dir='ltr'><strong>Hesychii</strong></span> <span class='ocrx_word' id='word_1_14' title='bbox 862 340 1152 392; x_wconf 80' lang='lat' dir='ltr'><strong>interpretibus</strong></span> <span class='ocrx_word' id='word_1_15' title='bbox 1192 343 1303 384; x_wconf 86' lang='lat' dir='ltr'><strong>locus</strong></span> <span class='ocrx_word' id='word_1_16' title='bbox 1334 347 1529 399; x_wconf 81' lang='lat' dir='ltr'>Diogenis</span> <span class='ocrx_word' id='word_1_17' title='bbox 1559 344 1661 387; x_wconf 86' lang='lat' dir='ltr'><strong>An-¹</strong></span> 
     </span>
     <span class='ocr_line' id='line_1_4' title="bbox 191 405 1644 468; baseline 0.003 -18"><span class='ocrx_word' id='word_1_18' title='bbox 191 410 291 450; x_wconf 87' lang='lat' dir='ltr'><strong>tonii</strong></span> <span class='ocrx_word' id='word_1_19' title='bbox 320 408 426 460; x_wconf 80' lang='lat' dir='ltr'><strong>apud</strong></span> <span class='ocrx_word' id='word_1_20' title='bbox 458 408 650 448; x_wconf 89' lang='lat' dir='ltr'><strong>Photium</strong></span> <span class='ocrx_word' id='word_1_21' title='bbox 678 409 785 449; x_wconf 84' lang='lat' dir='ltr'><strong>Bibi.</strong></span> <span class='ocrx_word' id='word_1_22' title='bbox 808 410 888 448; x_wconf 83' lang='lat'><strong>166</strong></span> <span class='ocrx_word' id='word_1_23' title='bbox 917 423 957 462; x_wconf 85' lang='lat' dir='ltr'><strong>p.</strong></span> <span class='ocrx_word' id='word_1_24' title='bbox 976 411 1079 449; x_wconf 78' lang='lat'>109:</span> <span class='ocrx_word' id='word_1_25' title='bbox 1108 405 1292 458; x_wconf 81' lang='grc' dir='ltr'><em>Παάπις</em></span> <span class='ocrx_word' id='word_1_26' title='bbox 1323 412 1549 468; x_wconf 82' lang='grc' dir='ltr'><em>(Παᾶπίς)</em></span> <span class='ocrx_word' id='word_1_27' title='bbox 1580 429 1644 463; x_wconf 84' lang='grc' dir='ltr'><strong>τις</strong></span> 
     </span>
     <span class='ocr_line' id='line_1_5' title="bbox 191 470 1643 532; baseline 0.007 -17"><span class='ocrx_word' id='word_1_28' title='bbox 191 474 324 530; x_wconf 80' lang='grc' dir='ltr'><em>ἱερεὺς</em></span> <span class='ocrx_word' id='word_1_29' title='bbox 361 470 614 528; x_wconf 75' lang='grc' dir='ltr'><strong><em>Αἰγύπτιος.</em></strong></span> <span class='ocrx_word' id='word_1_30' title='bbox 691 478 881 518; x_wconf 85' lang='lat' dir='ltr'><strong>Formam</strong></span> <span class='ocrx_word' id='word_1_31' title='bbox 927 480 1098 519; x_wconf 78' lang='lat' dir='ltr'><strong>vocativi</strong></span> <span class='ocrx_word' id='word_1_32' title='bbox 1138 476 1405 532; x_wconf 72' lang='grc' dir='ltr'><em>Μεγάκλεες,</em></span> <span class='ocrx_word' id='word_1_33' title='bbox 1446 487 1643 527; x_wconf 80' lang='lat' dir='ltr'><strong>rariorem</strong></span> 
     </span>
     <span class='ocr_line' id='line_1_6' title="bbox 191 547 1640 605; baseline 0.006 -16"><span class='ocrx_word' id='word_1_34' title='bbox 191 547 300 601; x_wconf 80' lang='lat' dir='ltr'><strong>apud</strong></span> <span class='ocrx_word' id='word_1_35' title='bbox 319 548 495 588; x_wconf 88' lang='lat' dir='ltr'><strong>comicos</strong></span> <span class='ocrx_word' id='word_1_36' title='bbox 510 551 667 600; x_wconf 81' lang='lat' dir='ltr'><strong>poetas,</strong></span> <span class='ocrx_word' id='word_1_37' title='bbox 697 548 814 600; x_wconf 78' lang='lat' dir='ltr'><strong>attigi</strong></span> <span class='ocrx_word' id='word_1_38' title='bbox 843 548 894 588; x_wconf 81' lang='lat' dir='ltr'><strong>ad</strong></span> <span class='ocrx_word' id='word_1_39' title='bbox 910 550 1126 601; x_wconf 81' lang='lat' dir='ltr'>Eupolidis</span> <span class='ocrx_word' id='word_1_40' title='bbox 1144 551 1293 590; x_wconf 87' lang='lat' dir='ltr'><strong>Demos</strong></span> <span class='ocrx_word' id='word_1_41' title='bbox 1309 553 1471 605; x_wconf 80' lang='lat' dir='ltr'><strong>Fragm.</strong></span> <span class='ocrx_word' id='word_1_42' title='bbox 1485 555 1583 596; x_wconf 88' lang='lat' dir='ltr'>XIII</span> <span class='ocrx_word' id='word_1_43' title='bbox 1602 557 1640 596; x_wconf 89' lang='grc'><strong>1.</strong></span> 
     </span>
    </p>
   </div>
   <div class='ocr_carea' id='block_1_3' title="bbox 886 668 938 709">
    <p class='ocr_par' dir='ltr' id='par_1_3' title="bbox 886 668 938 709">
     <span class='ocr_line' id='line_1_7' title="bbox 886 668 938 709; baseline 0.019 -1"><span class='ocrx_word' id='word_1_44' title='bbox 886 668 938 709; x_wconf 88' lang='lat'><strong>11.</strong></span> 
     </span>
    </p>
   </div>
   <div class='ocr_carea' id='block_1_4' title="bbox 187 749 1648 948">
    <p class='ocr_par' dir='ltr' id='par_1_4' title="bbox 187 749 1648 948">
     <span class='ocr_line' id='line_1_8' title="bbox 300 749 1642 807; baseline 0.003 -13"><span class='ocrx_word' id='word_1_45' title='bbox 300 754 536 794; x_wconf 82' lang='lat' dir='ltr'><strong>Athenaeus</strong></span> <span class='ocrx_word' id='word_1_46' title='bbox 566 752 665 793; x_wconf 88' lang='lat' dir='ltr'>VIII</span> <span class='ocrx_word' id='word_1_47' title='bbox 695 765 735 804; x_wconf 87' lang='lat' dir='ltr'><strong>p.</strong></span> <span class='ocrx_word' id='word_1_48' title='bbox 762 751 845 791; x_wconf 75' lang='lat'><strong>343</strong></span> <span class='ocrx_word' id='word_1_49' title='bbox 863 763 904 791; x_wconf 86' lang='lat' dir='ltr'><strong>o:</strong></span> <span class='ocrx_word' id='word_1_50' title='bbox 933 749 1190 807; x_wconf 78' lang='grc' dir='ltr'><em>κωμῳδοῦσι</em></span> <span class='ocrx_word' id='word_1_51' title='bbox 1219 752 1270 792; x_wconf 86' lang='grc' dir='ltr'><strong>δ’</strong></span> <span class='ocrx_word' id='word_1_52' title='bbox 1298 752 1432 795; x_wconf 81' lang='grc' dir='ltr'><em>αὐτὸν</em></span> <span class='ocrx_word' id='word_1_53' title='bbox 1462 757 1642 807; x_wconf 85' lang='lat' dir='ltr'><strong>(Melan-</strong></span> 
     </span>
     <span class='ocr_line' id='line_1_9' title="bbox 189 815 1648 881; baseline 0.002 -18"><span class='ocrx_word' id='word_1_54' title='bbox 189 823 348 873; x_wconf 83' lang='lat' dir='ltr'><strong>thium)</strong></span> <span class='ocrx_word' id='word_1_55' title='bbox 377 820 448 861; x_wconf 78' lang='grc' dir='ltr'><strong>ἐπὶ</strong></span> <span class='ocrx_word' id='word_1_56' title='bbox 477 816 714 875; x_wconf 68' lang='grc' dir='ltr'><em>ὀψοφαγίᾳ</em></span> <span class='ocrx_word' id='word_1_57' title='bbox 742 815 918 860; x_wconf 77' lang='grc' dir='ltr'><em>Λεύκων</em></span> <span class='ocrx_word' id='word_1_58' title='bbox 946 819 992 859; x_wconf 82' lang='grc' dir='ltr'><strong>ἐν</strong></span> <span class='ocrx_word' id='word_1_59' title='bbox 1025 819 1281 877; x_wconf 76' lang='grc' dir='ltr'><em>Φράτερσιν,</em></span> <span class='ocrx_word' id='word_1_60' title='bbox 1315 820 1648 881; x_wconf 24' lang='grc' dir='ltr'><strong>Ἀριστοφάνης,</strong></span> 
     </span>
     <span class='ocr_line' id='line_1_10' title="bbox 187 885 1033 948; baseline 0 -18"><span class='ocrx_word' id='word_1_61' title='bbox 187 888 235 931; x_wconf 78' lang='grc' dir='ltr'><strong>ἒν</strong></span> <span class='ocrx_word' id='word_1_62' title='bbox 257 885 436 947; x_wconf 80' lang='grc' dir='ltr'><em>Εἰρήνῃ.</em></span> <span class='ocrx_word' id='word_1_63' title='bbox 472 886 741 948; x_wconf 74' lang='grc' dir='ltr'><em>Φερεκράτης</em></span> <span class='ocrx_word' id='word_1_64' title='bbox 770 888 815 930; x_wconf 77' lang='grc' dir='ltr'><strong>ἐν</strong></span> <span class='ocrx_word' id='word_1_65' title='bbox 844 885 1033 946; x_wconf 73' lang='grc' dir='ltr'><em>Πετάλῃ.</em></span> 
     </span>
    </p>
   </div>
   <div class='ocr_carea' id='block_1_5' title="bbox 877 1014 951 1054">
    <p class='ocr_par' dir='ltr' id='par_1_5' title="bbox 877 1014 951 1054">
     <span class='ocr_line' id='line_1_11' title="bbox 877 1014 951 1054; baseline 0 0"><span class='ocrx_word' id='word_1_66' title='bbox 877 1014 951 1054; x_wconf 88' lang='lat'>111.</span> 
     </span>
    </p>
   </div>
   <div class='ocr_carea' id='block_1_6' title="bbox 180 1092 1640 2118">
    <p class='ocr_par' dir='ltr' id='par_1_6' title="bbox 180 1092 1640 2118">
     <span class='ocr_line' id='line_1_12' title="bbox 299 1092 1639 1151; baseline -0.001 -14"><span class='ocrx_word' id='word_1_67' title='bbox 299 1097 470 1138; x_wconf 80' lang='lat' dir='ltr'><strong>Photius</strong></span> <span class='ocrx_word' id='word_1_68' title='bbox 499 1110 539 1151; x_wconf 85' lang='lat' dir='ltr'><strong>p.</strong></span> <span class='ocrx_word' id='word_1_69' title='bbox 570 1097 653 1138; x_wconf 82' lang='lat'><strong>587</strong></span> <span class='ocrx_word' id='word_1_70' title='bbox 684 1098 750 1138; x_wconf 80' lang='lat'><strong>17.</strong></span> <span class='ocrx_word' id='word_1_71' title='bbox 785 1092 996 1149; x_wconf 79' lang='grc' dir='ltr'><em>Τίβιοι;</em></span> <span class='ocrx_word' id='word_1_72' title='bbox 1028 1093 1177 1144; x_wconf 73' lang='grc' dir='ltr'><em>ἔθνος.</em></span> <span class='ocrx_word' id='word_1_73' title='bbox 1237 1093 1412 1137; x_wconf 80' lang='grc' dir='ltr'><em>Λεύκων</em></span> <span class='ocrx_word' id='word_1_74' title='bbox 1441 1095 1487 1136; x_wconf 81' lang='grc' dir='ltr'><strong>ἐν</strong></span> <span class='ocrx_word' id='word_1_75' title='bbox 1519 1092 1639 1151; x_wconf 79' lang='grc' dir='ltr'><em>Φρά-</em></span> 
     </span>
     <span class='ocr_line' id='line_1_13' title="bbox 184 1161 1640 1221; baseline 0.001 -16"><span class='ocrx_word' id='word_1_76' title='bbox 184 1178 342 1221; x_wconf 79' lang='grc' dir='ltr'><em>τερσιν.</em></span> <span class='ocrx_word' id='word_1_77' title='bbox 403 1162 515 1220; x_wconf 78' lang='grc' dir='ltr'><em>τάχα</em></span> <span class='ocrx_word' id='word_1_78' title='bbox 548 1165 594 1206; x_wconf 74' lang='grc' dir='ltr'><strong>δὲ</strong></span> <span class='ocrx_word' id='word_1_79' title='bbox 624 1165 667 1206; x_wconf 87' lang='grc' dir='ltr'><strong>οἱ</strong></span> <span class='ocrx_word' id='word_1_80' title='bbox 695 1161 825 1206; x_wconf 81' lang='grc' dir='ltr'><em>αὐτοὶ</em></span> <span class='ocrx_word' id='word_1_81' title='bbox 854 1166 943 1214; x_wconf 84' lang='grc' dir='ltr'><em>τοῖς</em></span> <span class='ocrx_word' id='word_1_82' title='bbox 979 1165 1255 1219; x_wconf 83' lang='grc' dir='ltr'><em>Τιβαρηνοῖς.</em></span> <span class='ocrx_word' id='word_1_83' title='bbox 1318 1168 1464 1206; x_wconf 82' lang='lat' dir='ltr'><strong>Parum</strong></span> <span class='ocrx_word' id='word_1_84' title='bbox 1494 1169 1640 1218; x_wconf 74' lang='lat' dir='ltr'><strong>proba·</strong></span> 
     </span>
     <span class='ocr_line' id='line_1_14' title="bbox 185 1236 1639 1288; baseline 0 -10"><span class='ocrx_word' id='word_1_85' title='bbox 185 1236 281 1278; x_wconf 84' lang='lat' dir='ltr'><strong>bilis</strong></span> <span class='ocrx_word' id='word_1_86' title='bbox 319 1237 423 1277; x_wconf 76' lang='lat' dir='ltr'><strong>haec</strong></span> <span class='ocrx_word' id='word_1_87' title='bbox 463 1238 666 1278; x_wconf 81' lang='lat' dir='ltr'><strong>sententia</strong></span> <span class='ocrx_word' id='word_1_88' title='bbox 707 1242 788 1285; x_wconf 83' lang='lat' dir='ltr'><strong>est,</strong></span> <span class='ocrx_word' id='word_1_89' title='bbox 833 1237 867 1276; x_wconf 88' lang='lat' dir='ltr'><strong>si</strong></span> <span class='ocrx_word' id='word_1_90' title='bbox 909 1237 1072 1288; x_wconf 82' lang='lat' dir='ltr'><strong>quidem</strong></span> <span class='ocrx_word' id='word_1_91' title='bbox 1111 1238 1338 1277; x_wconf 80' lang='lat' dir='ltr'><strong>Tibarenos</strong></span> <span class='ocrx_word' id='word_1_92' title='bbox 1381 1237 1470 1276; x_wconf 85' lang='lat' dir='ltr'><strong>loca</strong></span> <span class='ocrx_word' id='word_1_93' title='bbox 1507 1236 1639 1278; x_wconf 86' lang='lat' dir='ltr'><strong>Ponto</strong></span> 
     </span>
     <span class='ocr_line' id='line_1_15' title="bbox 183 1307 1637 1360; baseline 0.001 -14"><span class='ocrx_word' id='word_1_94' title='bbox 183 1307 368 1360; x_wconf 81' lang='lat' dir='ltr'><strong>proxima</strong></span> <span class='ocrx_word' id='word_1_95' title='bbox 407 1308 629 1347; x_wconf 85' lang='lat' dir='ltr'><strong>incoluisse</strong></span> <span class='ocrx_word' id='word_1_96' title='bbox 661 1311 819 1346; x_wconf 85' lang='lat' dir='ltr'><strong>constat</strong></span> <span class='ocrx_word' id='word_1_97' title='bbox 850 1307 1098 1358; x_wconf 80' lang='lat' dir='ltr'><strong>Chalybibus</strong></span> <span class='ocrx_word' id='word_1_98' title='bbox 1129 1313 1170 1346; x_wconf 85' lang='lat' dir='ltr'><strong>et</strong></span> <span class='ocrx_word' id='word_1_99' title='bbox 1199 1308 1443 1358; x_wconf 84' lang='lat' dir='ltr'><strong>Leucosyris</strong></span> <span class='ocrx_word' id='word_1_100' title='bbox 1473 1307 1637 1357; x_wconf 84' lang='lat' dir='ltr'><strong>vicinos,</strong></span> 
     </span>
     <span class='ocr_line' id='line_1_16' title="bbox 185 1376 1639 1430; baseline 0.001 -15"><span class='ocrx_word' id='word_1_101' title='bbox 185 1376 295 1416; x_wconf 86' lang='lat' dir='ltr'><strong>Tibii</strong></span> <span class='ocrx_word' id='word_1_102' title='bbox 338 1381 474 1416; x_wconf 83' lang='lat' dir='ltr'><strong>autem</strong></span> <span class='ocrx_word' id='word_1_103' title='bbox 516 1378 737 1430; x_wconf 80' lang='lat' dir='ltr'><strong>Phrygiam</strong></span> <span class='ocrx_word' id='word_1_104' title='bbox 774 1376 1076 1425; x_wconf 82' lang='lat' dir='ltr'><strong>inhabitabant,</strong></span> <span class='ocrx_word' id='word_1_105' title='bbox 1127 1380 1171 1416; x_wconf 88' lang='lat' dir='ltr'><strong>ut</strong></span> <span class='ocrx_word' id='word_1_106' title='bbox 1208 1378 1305 1416; x_wconf 84' lang='lat' dir='ltr'><strong>satis</strong></span> <span class='ocrx_word' id='word_1_107' title='bbox 1345 1377 1454 1416; x_wconf 79' lang='lat' dir='ltr'><strong>clare</strong></span> <span class='ocrx_word' id='word_1_108' title='bbox 1489 1378 1639 1417; x_wconf 84' lang='lat' dir='ltr'><strong>indicat</strong></span> 
     </span>
     <span class='ocr_line' id='line_1_17' title="bbox 184 1442 1637 1502; baseline -0.001 -16"><span class='ocrx_word' id='word_1_109' title='bbox 184 1445 417 1498; x_wconf 84' lang='lat' dir='ltr'><strong>Stephanus</strong></span> <span class='ocrx_word' id='word_1_110' title='bbox 454 1447 552 1499; x_wconf 83' lang='lat' dir='ltr'><strong>Byz.</strong></span> <span class='ocrx_word' id='word_1_111' title='bbox 592 1461 634 1499; x_wconf 84' lang='lat' dir='ltr'><strong>p.</strong></span> <span class='ocrx_word' id='word_1_112' title='bbox 664 1447 772 1487; x_wconf 80' lang='lat'>708:</span> <span class='ocrx_word' id='word_1_113' title='bbox 816 1442 991 1495; x_wconf 76' lang='grc' dir='ltr'><em>Τίβειον</em></span> <span class='ocrx_word' id='word_1_114' title='bbox 1033 1442 1249 1497; x_wconf 81' lang='grc' dir='ltr'><strong>(Τίβιον)</strong></span> <span class='ocrx_word' id='word_1_115' title='bbox 1288 1442 1637 1502; x_wconf 74' lang='grc' dir='ltr'><em>ὅρος,(1)ρυγίας,</em></span> 
     </span>
     <span class='ocr_line' id='line_1_18' title="bbox 182 1509 1639 1571; baseline 0.003 -17"><span class='ocrx_word' id='word_1_116' title='bbox 182 1510 270 1554; x_wconf 79' lang='grc' dir='ltr'><strong>ἀπὸ</strong></span> <span class='ocrx_word' id='word_1_117' title='bbox 306 1511 462 1568; x_wconf 77' lang='grc' dir='ltr'><em>Τιβίου</em></span> <span class='ocrx_word' id='word_1_118' title='bbox 493 1511 622 1563; x_wconf 82' lang='grc' dir='ltr'><em>τινός.</em></span> <span class='ocrx_word' id='word_1_119' title='bbox 682 1513 726 1554; x_wconf 80' lang='grc' dir='ltr'><strong>ἐκ</strong></span> <span class='ocrx_word' id='word_1_120' title='bbox 764 1509 922 1554; x_wconf 86' lang='grc' dir='ltr'><em>τούτου</em></span> <span class='ocrx_word' id='word_1_121' title='bbox 950 1513 1024 1554; x_wconf 81' lang='grc' dir='ltr'><strong>καὶ</strong></span> <span class='ocrx_word' id='word_1_122' title='bbox 1061 1511 1258 1566; x_wconf 78' lang='grc' dir='ltr'><em>Τιβείους</em></span> <span class='ocrx_word' id='word_1_123' title='bbox 1287 1514 1510 1571; x_wconf 76' lang='grc' dir='ltr'><em>(Τιβίους)</em></span> <span class='ocrx_word' id='word_1_124' title='bbox 1539 1515 1639 1567; x_wconf 81' lang='grc' dir='ltr'><strong>τούς</strong></span> 
     </span>
     <span class='ocr_line' id='line_1_19' title="bbox 183 1577 1638 1640; baseline 0.002 -16"><span class='ocrx_word' id='word_1_125' title='bbox 183 1580 364 1632; x_wconf 77' lang='grc' dir='ltr'><em>δούλους</em></span> <span class='ocrx_word' id='word_1_126' title='bbox 392 1582 587 1626; x_wconf 83' lang='grc' dir='ltr'><em>καλοῦσι.</em></span> <span class='ocrx_word' id='word_1_127' title='bbox 647 1585 768 1626; x_wconf 88' lang='lat' dir='ltr'><strong>Prov.</strong></span> <span class='ocrx_word' id='word_1_128' title='bbox 797 1586 915 1625; x_wconf 86' lang='lat' dir='ltr'><strong>Bodl.</strong></span> <span class='ocrx_word' id='word_1_129' title='bbox 946 1586 1050 1625; x_wconf 77' lang='lat'>647:</span> <span class='ocrx_word' id='word_1_130' title='bbox 1080 1584 1154 1624; x_wconf 86' lang='grc' dir='ltr'><strong>καὶ</strong></span> <span class='ocrx_word' id='word_1_131' title='bbox 1183 1577 1263 1634; x_wconf 78' lang='grc' dir='ltr'><strong>ὅλη</strong></span> <span class='ocrx_word' id='word_1_132' title='bbox 1294 1581 1319 1634; x_wconf 85' lang='grc' dir='ltr'><strong><em>ἡ</em></strong></span> <span class='ocrx_word' id='word_1_133' title='bbox 1355 1585 1527 1640; x_wconf 74' lang='grc' dir='ltr'><em>Φρυγία</em></span> <span class='ocrx_word' id='word_1_134' title='bbox 1562 1587 1638 1627; x_wconf 87' lang='grc' dir='ltr'><strong>Τι-</strong></span> 
     </span>
     <span class='ocr_line' id='line_1_20' title="bbox 182 1650 1638 1709; baseline 0.002 -15"><span class='ocrx_word' id='word_1_135' title='bbox 182 1651 262 1708; x_wconf 83' lang='grc' dir='ltr'><strong>βία</strong></span> <span class='ocrx_word' id='word_1_136' title='bbox 288 1653 495 1698; x_wconf 80' lang='grc' dir='ltr'><em>καλεῖται.</em></span> <span class='ocrx_word' id='word_1_137' title='bbox 555 1657 725 1697; x_wconf 82' lang='lat' dir='ltr'><strong>Accedit</strong></span> <span class='ocrx_word' id='word_1_138' title='bbox 753 1655 862 1708; x_wconf 89' lang='lat' dir='ltr'><strong>quod</strong></span> <span class='ocrx_word' id='word_1_139' title='bbox 897 1650 1155 1709; x_wconf 78' lang='grc' dir='ltr'><em>Τιβαρηνός,</em></span> <span class='ocrx_word' id='word_1_140' title='bbox 1185 1661 1230 1696; x_wconf 87' lang='lat' dir='ltr'><strong>ut</strong></span> <span class='ocrx_word' id='word_1_141' title='bbox 1260 1657 1395 1697; x_wconf 83' lang='lat' dir='ltr'><strong>multis</strong></span> <span class='ocrx_word' id='word_1_142' title='bbox 1426 1663 1638 1709; x_wconf 86' lang='lat' dir='ltr'><strong>poetarum</strong></span> 
     </span>
     <span class='ocr_line' id='line_1_21' title="bbox 182 1721 1639 1780; baseline 0.001 -13"><span class='ocrx_word' id='word_1_143' title='bbox 182 1727 380 1780; x_wconf 82' lang='lat' dir='ltr'><strong>exemplis</strong></span> <span class='ocrx_word' id='word_1_144' title='bbox 410 1727 678 1779; x_wconf 82' lang='lat' dir='ltr'><strong>intelligitur,</strong></span> <span class='ocrx_word' id='word_1_145' title='bbox 709 1726 838 1778; x_wconf 82' lang='lat' dir='ltr'><strong>prima</strong></span> <span class='ocrx_word' id='word_1_146' title='bbox 868 1726 1002 1774; x_wconf 86' lang='lat' dir='ltr'><strong>brevi,</strong></span> <span class='ocrx_word' id='word_1_147' title='bbox 1042 1721 1193 1776; x_wconf 81' lang='grc' dir='ltr'><em>Τίβιος</em></span> <span class='ocrx_word' id='word_1_148' title='bbox 1222 1729 1356 1766; x_wconf 82' lang='lat' dir='ltr'><strong>autem</strong></span> <span class='ocrx_word' id='word_1_149' title='bbox 1387 1727 1515 1779; x_wconf 79' lang='lat' dir='ltr'><strong>prima</strong></span> <span class='ocrx_word' id='word_1_150' title='bbox 1543 1740 1639 1780; x_wconf 88' lang='lat' dir='ltr'><strong>pro·</strong></span> 
     </span>
     <span class='ocr_line' id='line_1_22' title="bbox 183 1795 1638 1846; baseline -0.001 -9"><span class='ocrx_word' id='word_1_151' title='bbox 183 1795 306 1837; x_wconf 80' lang='lat' dir='ltr'><strong>ducta</strong></span> <span class='ocrx_word' id='word_1_152' title='bbox 335 1798 496 1838; x_wconf 86' lang='lat' dir='ltr'><strong>dicitur.</strong></span> <span class='ocrx_word' id='word_1_153' title='bbox 529 1797 745 1836; x_wconf 81' lang='lat' dir='ltr'><strong>Problema</strong></span> <span class='ocrx_word' id='word_1_154' title='bbox 775 1796 935 1835; x_wconf 79' lang='lat' dir='ltr'><strong>arithm.</strong></span> <span class='ocrx_word' id='word_1_155' title='bbox 963 1795 1005 1835; x_wconf 91' lang='lat' dir='ltr'><strong>in</strong></span> <span class='ocrx_word' id='word_1_156' title='bbox 1036 1796 1227 1835; x_wconf 84' lang='lat' dir='ltr'><strong>Brunckii</strong></span> <span class='ocrx_word' id='word_1_157' title='bbox 1257 1797 1374 1836; x_wconf 86' lang='lat' dir='ltr'><strong>Anal.</strong></span> <span class='ocrx_word' id='word_1_158' title='bbox 1398 1797 1528 1846; x_wconf 85' lang='lat' dir='ltr'>XVII,</span> <span class='ocrx_word' id='word_1_159' title='bbox 1561 1797 1638 1837; x_wconf 81' lang='lat'><strong>11:</strong></span> 
     </span>
     <span class='ocr_line' id='line_1_23' title="bbox 181 1860 1638 1919; baseline 0.001 -14"><span class='ocrx_word' id='word_1_160' title='bbox 181 1861 450 1914; x_wconf 80' lang='grc' dir='ltr'><em>πεντήκοντα</em></span> <span class='ocrx_word' id='word_1_161' title='bbox 479 1861 632 1919; x_wconf 77' lang='grc' dir='ltr'><em>Σύρος,</em></span> <span class='ocrx_word' id='word_1_162' title='bbox 664 1862 832 1912; x_wconf 78' lang='grc' dir='ltr'><em>Συνὲτη</em></span> <span class='ocrx_word' id='word_1_163' title='bbox 863 1861 979 1911; x_wconf 82' lang='grc' dir='ltr'><em>δέκα,</em></span> <span class='ocrx_word' id='word_1_164' title='bbox 1014 1862 1163 1916; x_wconf 82' lang='grc' dir='ltr'><em>Τίβιος</em></span> <span class='ocrx_word' id='word_1_165' title='bbox 1194 1860 1315 1904; x_wconf 75' lang='grc' dir='ltr'><em>ὀκτώ.</em></span> <span class='ocrx_word' id='word_1_166' title='bbox 1378 1867 1436 1906; x_wconf 79' lang='lat' dir='ltr'><strong>Ex</strong></span> <span class='ocrx_word' id='word_1_167' title='bbox 1467 1879 1546 1918; x_wconf 86' lang='lat' dir='ltr'><strong>quo</strong></span> <span class='ocrx_word' id='word_1_168' title='bbox 1575 1867 1638 1906; x_wconf 86' lang='lat' dir='ltr'><strong>in-</strong></span> 
     </span>
     <span class='ocr_line' id='line_1_24' title="bbox 181 1935 1634 1989; baseline -0.001 -12"><span class='ocrx_word' id='word_1_169' title='bbox 181 1937 389 1989; x_wconf 65' lang='lat' dir='ltr'><strong>telligitur*</strong></span> <span class='ocrx_word' id='word_1_170' title='bbox 419 1950 501 1977; x_wconf 91' lang='lat' dir='ltr'><strong>non</strong></span> <span class='ocrx_word' id='word_1_171' title='bbox 541 1941 654 1976; x_wconf 85' lang='lat' dir='ltr'><strong>recte</strong></span> <span class='ocrx_word' id='word_1_172' title='bbox 691 1935 912 1988; x_wconf 78' lang='lat' dir='ltr'><strong>Bergkium</strong></span> <span class='ocrx_word' id='word_1_173' title='bbox 954 1936 1182 1975; x_wconf 85' lang='lat' dir='ltr'><strong>Comment.</strong></span> <span class='ocrx_word' id='word_1_174' title='bbox 1213 1949 1253 1987; x_wconf 85' lang='lat' dir='ltr'><strong>p.</strong></span> <span class='ocrx_word' id='word_1_175' title='bbox 1286 1936 1364 1974; x_wconf 85' lang='lat'><strong>107</strong></span> <span class='ocrx_word' id='word_1_176' title='bbox 1404 1935 1634 1976; x_wconf 82' lang='lat' dir='ltr'><strong>Menandro</strong></span> 
     </span>
     <span class='ocr_line' id='line_1_25' title="bbox 180 1998 1635 2060; baseline -0.002 -13"><span class='ocrx_word' id='word_1_177' title='bbox 180 2007 414 2048; x_wconf 79' lang='lat' dir='ltr'><strong>restitutum</strong></span> <span class='ocrx_word' id='word_1_178' title='bbox 451 2007 575 2048; x_wconf 76' lang='lat' dir='ltr'><strong>ivisse</strong></span> <span class='ocrx_word' id='word_1_179' title='bbox 607 1998 742 2046; x_wconf 77' lang='grc' dir='ltr'><strong>Ἀλλ’</strong></span> <span class='ocrx_word' id='word_1_180' title='bbox 775 1998 828 2043; x_wconf 80' lang='grc' dir='ltr'><strong>οὐ</strong></span> <span class='ocrx_word' id='word_1_181' title='bbox 866 1999 919 2042; x_wconf 82' lang='grc' dir='ltr'><strong>τὰ</strong></span> <span class='ocrx_word' id='word_1_182' title='bbox 954 2001 1110 2058; x_wconf 63' lang='grc' dir='ltr'><em>Τιρίου</em></span> <span class='ocrx_word' id='word_1_183' title='bbox 1146 2002 1232 2060; x_wconf 77' lang='grc' dir='ltr'><strong>νῷν</strong></span> <span class='ocrx_word' id='word_1_184' title='bbox 1263 2002 1365 2052; x_wconf 82' lang='grc' dir='ltr'><em>ἴσως</em></span> <span class='ocrx_word' id='word_1_185' title='bbox 1402 2003 1470 2044; x_wconf 87' lang='grc' dir='ltr'><strong>δεῖ</strong></span> <span class='ocrx_word' id='word_1_186' title='bbox 1501 2016 1635 2060; x_wconf 73' lang='grc' dir='ltr'><em>ᾳρον-</em></span> 
     </span>
     <span class='ocr_line' id='line_1_26' title="bbox 181 2089 317 2118; baseline 0.007 -1"><span class='ocrx_word' id='word_1_187' title='bbox 181 2089 317 2118; x_wconf 79' lang='grc' dir='ltr'><strong><em>τισαι.</em></strong></span> 
     </span>
    </p>
   </div>
  </div>
 </body>
</html>
