1716 3164
611 181 840 225 AANAH.
901 177 986 222 ΙΩ.
1454 174 1539 218 875

65 297 322 358 ὑποκριτήν·
353 295 404 341 οὐ
435 297 519 354 γὰρ
548 295 810 377 φθάσαντα
829 294 988 337 διελεῖν
1016 291 1098 345 τῂν
1126 288 1416 349 συναλοιφήν,
1446 291 1540 333 ἐπι-

64 373 300 427 λείψειντος
330 370 409 412 τοῦ
433 366 703 424 πνεύματος,
737 367 826 416 τοῖς
855 363 1148 420 ἀκροωμένοις
1179 363 1259 416 τὴν
1288 363 1430 418 γαλῆν
1461 359 1540 405 δό-

66 445 140 498 ξαι
169 445 258 497 λε’)
248 457 307 484 ιν
337 441 386 484 τὸ
418 441 537 499 ζῶον,
570 436 673 481 ἀλλ’
706 435 802 493 οὐχὶ
834 435 888 477 τὰ
920 434 1103 489 γαληνα.
1163 435 1320 477 πολλοὶ
1349 437 1432 490 μὲν
1461 432 1542 476 οὺν

64 514 204 557 αὑτὸν
235 513 470 566 διέπαιξαν
498 514 584 555 τῶν
612 509 813 564 κωμικῶν
836 535 889 540 -—
919 507 993 548 καὶ
1023 506 1284 562 Σαννυρίων
1313 506 1359 547 ἐν
1389 502 1542 563 Δανάη

71 586 148 636 Τίς
189 581 243 626 ἂν
284 582 511 639 γενόμενος
549 581 636 624 κτλ.
707 582 938 623 Scholiasta
980 580 1270 633 Aristophanis
1310 581 1417 621 Ran.
1459 578 1543 619 305

67 657 225 698 τοῖτον
262 654 606 711 (Hegelochum)
649 650 695 692 δὲ
734 650 807 692 καὶ
836 647 894 698 ώς
924 645 1090 703 ἁτερπη
1121 662 1201 698 την
1232 646 1387 705 φωνὴν
1416 644 1542 688 Πλά

68 742 156 770 των
195 726 394 769 σκώπτει.
460 726 534 766 καὶ
571 720 788 779 Στράττις
828 723 898 776 (p.
928 723 1044 774 763)
1084 721 1158 761 καὶ
1197 716 1459 775 Σαννυρίων
1499 717 1545 759 δὲ

68 799 115 841 ἐν
145 795 295 854 Δανάῃ
331 794 406 846 Τις
436 791 492 836 ἄν
522 792 751 851 γενόμενος
787 793 878 835 κτλ.
947 795 1135 847 Respicit
1173 794 1251 835 hos
1291 794 1546 834 comicorum

67 876 280 927 poctarum
323 870 437 911 lusus
467 870 689 910 scholiasta
719 865 903 919 Dionysii
934 866 1035 906 Thr.
1067 879 1107 919 p.
1138 866 1222 906 729
1251 866 1306 906 in.
1350 863 1427 905 καὶ
1465 859 1548 918 γὰρ

14 981 15 987 ,
67 939 310 995 Ἡγέλοχος,
351 935 374 980 ὁ
412 937 489 990 τῆς
529 936 777 995 τραγῳδίας
807 932 1063 991 ὑποκριτής,
1108 932 1186 976 οὐκ
1230 930 1287 975 ἂν
1333 932 1550 976 τοσοῦτον

67 1007 261 1067 ὠφλήκει
298 1007 406 1066 παρ’
444 1007 722 1061 Ἀθηναίοις
759 1005 838 1049 τὸν
879 1005 1059 1061 γέλωτα,
1096 1001 1138 1046 εἰ
1172 1004 1254 1057 τὴν
1291 1005 1339 1047 ἐν
1375 1005 1436 1065 τῷ
1464 1002 1548 1061 ἄμ-

14 1081 16 1139 J
71 1082 181 1136 ῥ’ωνι
215 1077 505 1137 ἁπόστροᾳον
542 1077 727 1134 ἐγνώκει.
805 1082 940 1123 Versu
979 1080 1112 1133 primo
1155 1080 1286 1120 schol.
1319 1080 1444 1122 Arist.
1483 1075 1551 1127 τίς

75 1149 131 1195 ἂν
161 1182 216 1188 -
247 1150 502 1208 γενήσομαι,
532 1154 664 1195 schol.
696 1154 842 1206 Eurip.
873 1148 916 1192 τί
945 1145 1002 1190 ἂν
1031 1177 1086 1183 -
1116 1146 1374 1205 ἐνδύσομαι.
1442 1153 1552 1194 Cen·

73 1240 144 1267 sor
173 1226 326 1267 Edinb.
357 1226 572 1266 referente
600 1219 833 1273 Uindorfim
864 1220 906 1263 τί
936 1211 1028 1264 οὗν.
1062 1223 1197 1264 Unice
1227 1237 1374 1280 verum.
1402 1218 1467 1272 τίς
1495 1217 1554 1263 ἂν

75 1298 143 1338 vel
176 1293 217 1335 τί
247 1291 314 1338 ἄν.
336 1322 391 1328 -—
422 1296 537 1339 Vs.2
566 1297 739 1338 lacunae
769 1296 886 1350 signa
915 1294 1049 1348 posui.
1092 1295 1316 1347 Piersonus
1347 1295 1400 1336 ad
1415 1296 1552 1337 Mocr.

73 1382 116 1422 p.
131 1368 214 1408 113
243 1368 382 1421 priora
412 1368 470 1408 ita
487 1368 685 1418 distinxit,
716 1363 783 1415 τίς
812 1360 869 1406 ἂν
898 1361 1130 1419 γενόμενος
1160 1359 1220 1413 εἰς
1248 1360 1367 1416 ὀπήν
1392 1362 1555 1407 Ἐνδύ-

74 1451 235 1500 σομαι;
267 1432 367 1518 φέρζ
383 1450 419 1477 ει
448 1429 658 1493 γενοίμην
675 1435 897 1491 νῦνγαλῆ,
915 1438 1062 1478 vocula
1078 1448 1157 1477 νυν
1171 1438 1410 1490 importune
1424 1439 1554 1480 illata.

75 1534 131 1542 -—-
161 1511 232 1552 Vs.
253 1510 280 1550 3
311 1506 451 1560 οὗτος,
482 1510 594 1564 quod
610 1511 734 1563 vulgo
754 1523 813 1551 vs.
830 1509 857 1549 5
886 1513 983 1564 post
998 1503 1285 1571 ἀνακράγοιτ’
1303 1503 1359 1549 ἂν
1387 1510 1557 1564 legitur,

14 1579 17 1603 ³
75 1580 117 1622 in
147 1580 255 1622 hanc
285 1577 427 1622 sedem
458 1583 611 1623 retraxi
647 1587 877 1636 praeeunte
906 1581 1089 1634 Bergkio
1120 1582 1354 1623 Commeat.
1385 1595 1427 1635 p.
1457 1582 1557 1624 430.

78 1652 161 1693 Pro
192 1646 252 1700 εἰς
281 1649 474 1708 ἐχθροὺς
502 1651 615 1707 μέγα
652 1653 785 1694 schol.
814 1652 1103 1706 Aristophanis
1132 1645 1323 1694 εἰσιδών.
1387 1653 1435 1695 In
1472 1654 1559 1695 fine

79 1735 224 1765 versus
254 1725 394 1765 addidi
429 1718 485 1765 ἂν
516 1731 558 1766 ct
587 1739 646 1766 vs.
676 1725 703 1765 4
733 1725 882 1779 scripsi
909 1719 1151 1779 ἀνακράγοι
1190 1718 1233 1763 τ’
1277 1738 1352 1778 pro
1383 1725 1559 1767 barbaro

81 1789 381 1847 ἀνακράγοιτ’.
456 1796 507 1838 V.
547 1796 656 1837 Hist.
693 1797 783 1837 crit.
822 1810 863 1850 p.
895 1797 994 1838 264.
1063 1797 1292 1850 Occupavit
1337 1799 1558 1852 Bergkius.

86 1865 274 1907 Pessime
305 1867 444 1908 locum
473 1868 661 1908 tractavit
690 1868 900 1921 Reisigius
931 1867 1049 1909 Coni.
1081 1882 1120 1922 p.
1154 1869 1249 1910 110.

789 1954 843 1994 11.

15 2091 17 2094 Ι
193 2036 427 2078 Scholiasta
457 2037 671 2092 Aristoph.
702 2039 932 2080 Ran.37o:
962 2036 1092 2078 τοῦτο
1123 2033 1183 2086 εἰς
1209 2034 1445 2094 ’Λρχῖνον-
1474 2034 1562 2094 μή-

16 2161 17 2167 ,
85 2120 190 2148 ποτε
220 2105 267 2148 δὲ
296 2106 372 2148 καὶ
401 2101 462 2157 εἰς
485 2103 739 2165 Ἀγύρριον.
796 2109 1018 2164 μέμνηται
1056 2108 1103 2150 δὲ
1134 2106 1301 2151 τούτων
1328 2110 1405 2152 καὶ
1441 2107 1562 2151 Πλά-

16 2208 17 2213 ¹
86 2191 174 2219 των
201 2176 248 2219 ἐν
276 2178 463 2228 Σκευαῖς
491 2179 566 2220 καὶ
595 2178 856 2235 Σαννυρίων
884 2179 932 2221 ἐν
961 2177 1128 2240 Δανάῃ.
1174 2174 1297 2223 οὗτοι
1327 2181 1410 2240 γὰρ
1439 2186 1567 2238 προϊ-

15 2246 18 2275 Y
86 2245 297 2305 στάμενοι
325 2250 404 2302 τῆς
430 2249 651 2305 δημοσίας
679 2251 892 2308 τραπέζης
921 2250 1002 2294 τὸν
1024 2252 1202 2308 μισθὸν
1230 2253 1318 2295 τῶν
1346 2253 1570 2311 κωμῳδῶν

87 2319 304 2375 ἐμείωσαν
331 2320 691 2379 κωμῳδηθέντες.
751 2325 801 2366 V.
833 2325 885 2364 ad
915 2326 1101 2367 Platonis
1131 2326 1279 2379 fragm.
1311 2340 1352 2380 p.
1383 2327 1482 2369 66⁴1.

757 2482 900 2529 152.

378 2583 640 2643 Φθείρεσθ’
669 2586 917 2646 ἐπίτριπτοι
946 2587 1274 2647 ψωμοκόλακες.

205 2674 446 2716 Athenaeus
476 2675 534 2718 VI
564 2689 604 2730 p.
621 2677 701 2717 261
722 2677 764 2718 f:
794 2678 869 2718 καὶ
899 2676 1161 2734 Σαννυρίων
1181 2675 1276 2720 Ἰοῖ
1304 2677 1566 2738 (Ρθείρισῦ’

98 2739 342 2799 ἐπίτριπτοι
371 2741 699 2801 ψωμοκόλακες.
759 2751 810 2794 V.
842 2751 955 2794 Hist.
983 2753 1074 2793 crit.
1107 2765 1148 2807 p.
1175 2753 1273 2795 264.
