1716 3164
666 164 784 209 ΓΕΩ
797 166 946 212 ΡΓΟῙ.
1465 173 1550 214 989

71 300 149 338 νης
177 283 223 325 δὲ
249 278 452 339 χρησμόν
490 294 592 323 τινα
631 279 796 333 παίζει·
839 278 920 334 Μή
960 294 1039 337 μοι
1076 276 1359 332 Ἀθηναίους
1395 281 1550 337 αἴνειν,

0 369 1 391 ³
64 357 137 398 τοὶ
174 354 332 411 μολγοὶ
369 351 563 398 ἔσονται.
622 350 672 394 τὸ
710 349 942 404 ἄπληστον
979 349 1124 394 αὐτῶν
1172 346 1549 409 ὑπαινιττόμενος.

68 428 276 470 Referunt
305 427 418 467 hunc
449 439 615 479 quoque
644 438 808 467 versum
839 426 890 465 ad
921 426 1136 478 Agricolas
1163 427 1203 476 ⁴)
1234 439 1380 479 parum
1410 431 1552 469 recte:

69 513 119 540 ex
149 500 228 539 alio
261 499 353 538 loco
386 511 480 538 eum
509 498 684 550 petitum
716 510 820 546 esse,
851 497 988 549 arguit
1017 496 1085 536 vel
1116 508 1384 538 numerorum
1415 499 1552 540 diver-

68 570 188 610 sitas:
215 569 294 608 suit
319 568 428 608 enim
455 568 495 607 in
520 567 724 607 eiusmodi
749 567 857 616 loco,
888 566 1019 619 qualis
1052 570 1115 607 est
1144 567 1186 607 in
1203 567 1313 608 Pace
1328 582 1365 609 v.
1384 569 1552 609 1063—

69 640 209 689 1114;
247 651 296 679 ac
334 639 371 678 si
401 638 597 678 continuo
627 636 705 677 hos
735 637 894 678 iambos
925 638 1157 690 excepisset
1195 638 1268 678 ille
1296 639 1552 691 hexameter,

33 707 38 712 ”
67 710 261 763 profecto
290 721 340 748 eo
370 708 507 761 potius
536 719 635 748 usus
666 713 776 748 esset
803 708 1090 761 Symmachus,
1120 709 1274 761 quippe
1308 722 1389 761 quo
1421 711 1552 752 multo

68 781 216 821 meiius
259 778 371 818 illam
401 778 788 830 interpretationem
819 780 1137 819 confirmaturus
1168 778 1341 819 fuisset:
1380 786 1552 834 apparet

68 852 194 904 igitur
222 861 386 889 versum
411 852 452 888 et
483 861 532 887 ex
563 847 643 887 alia
674 850 847 900 quadam
877 849 1017 890 fabula
1047 850 1222 903 petitum
1253 863 1346 890 esse
1376 856 1418 891 et
1431 852 1551 904 Sym-

68 921 214 962 macho
244 932 412 973 prorsus
442 919 652 971 ignotum:
683 920 927 960 ostendetur
957 925 1096 960 autem
1125 919 1247 969 infra,
1279 935 1373 963 eum
1396 922 1449 963 ad
1465 922 1552 963 Pa-

68 1004 156 1031 cem
193 991 375 1030 alteram
414 989 640 1042 pertinere.
708 991 763 1030 At
793 991 930 1043 arguit
959 995 1098 1031 tamen
1127 991 1200 1030 ille
1230 1004 1399 1042 versus,
1444 1005 1550 1045 quo-

66 1061 190 1102 modo
219 1061 290 1101 hic
317 1061 436 1101 locus
467 1059 751 1100 emendandus
782 1061 848 1110 sit,
881 1050 1061 1113 namque
1079 1061 1346 1102 scribendum
1371 1076 1448 1115 pro
1476 1059 1551 1102 ἐπὶ

67 1128 145 1171 τὸν
173 1129 340 1184 μολγὸν
369 1119 505 1178 εἶναι,
542 1123 726 1169 αἵνειν
765 1127 989 1185 μολγόν,
1028 1131 1070 1172 h.
1103 1144 1140 1172 e.
1182 1129 1274 1171 δεῖν
1311 1131 1392 1182 τὴν
1421 1128 1552 1173 πόλιν

67 1198 210 1241 αἳνειν
236 1197 422 1255 μολγόν,
463 1201 575 1254 quod
620 1201 725 1242 nihil
766 1203 878 1242 aliud
922 1202 1149 1255 significat,
1192 1215 1313 1255 quam
1354 1210 1551 1257 oportere

68 1274 275 1314 civitatem
319 1272 636 1314 Atheniensium
675 1277 858 1312 extrema
898 1273 1064 1325 perpeti
1101 1273 1230 1323 mala,
1277 1288 1371 1315 nam
1410 1269 1553 1315 αἵνειν

65 1341 237 1397 μολγὸν
276 1344 388 1383 idem
428 1349 521 1392 est,
564 1342 674 1395 quod
715 1343 816 1383 alias
856 1338 994 1382 ἀσκὸν
1024 1340 1163 1397 δέρειν
1193 1345 1365 1395 dicitur,
1404 1350 1452 1386 ut
1487 1351 1551 1388 est

67 1414 176 1467 apud
206 1414 403 1455 Solonem
440 1414 607 1465 Fragm.
638 1414 715 1452 26:
749 1407 966 1451 ”Ηθελον
1005 1409 1088 1467 γᾴρ
1118 1425 1192 1453 κεν
1227 1412 1455 1470 κρατήσας
1493 1443 1549 1450 -.

65 1479 228 1531 ’Λσκὸς
265 1475 448 1538 ὕστερον
487 1478 711 1538 δεδάρθαι
740 1477 1097 1538 κάπιτετρῖφθαι
1126 1484 1263 1538 γένος.
1321 1486 1384 1528 De
1413 1488 1543 1528 verbo

72 1550 217 1595 αἳνειν
247 1555 399 1596 dicitur
427 1555 551 1597 infra.
778 1611 816 1651 X

298 1686 401 1736 Εἶτ’
433 1690 571 1751 ἄρτον
602 1691 754 1736 ὀπτῶν
786 1693 989 1750 τυγχάνει
1017 1709 1083 1746 τις
1112 1692 1306 1749 ὀβελίαν.

179 1799 421 1841 Athenaeus
452 1799 512 1839 111
542 1813 583 1852 p.
618 1800 697 1839 111
731 1800 785 1840 Β.
811 1795 869 1838 Ὃ
900 1797 947 1839 δὲ
976 1795 1155 1851 ὀβελίας
1185 1794 1317 1853 ἄρτος
1345 1796 1550 1848 κέκληται

65 1863 165 1919 ἤτοι
196 1862 265 1909 ὁτι
294 1866 459 1923 ὀβολοῦ
486 1856 796 1924 πιπράσκεται,
824 1865 884 1918 ὠς
911 1882 958 1910 εν
985 1867 1317 1926 Ἀλεξανδρεία,
1345 1864 1374 1920 ἢ
1404 1862 1473 1910 ὅτι
1499 1867 1550 1909 ἐν

66 1937 314 1991 ὀβελίσκοις
366 1937 560 1981 ω’πτᾶτο.
630 1935 969 1996 ὶΛριστοφάνης
1014 1940 1247 1997 Γεωργοῖς·
1306 1930 1406 1981 Εἶτ’
1453 1938 1545 1981 κτλ

68 2011 265 2054 Fortasse
295 2015 479 2066 praestat
505 2007 613 2052 εἴτ’
643 2006 792 2064 ἄρτον.

282 2201 455 2263 ’Ὠσπερ
479 2204 695 2249 κυλικείου
725 2203 971 2249 τούθόνιον
998 2206 1318 2263 προπέπταται.

179 2309 422 2350 Athenaeus
443 2310 503 2350 xl
533 2324 574 2362 p.
592 2311 676 2349 460
706 2311 765 2350 D:
796 2305 846 2349 τὸ
875 2307 1088 2349 κυλικεῖον
1117 2305 1235 2349 τοδί·
1265 2307 1435 2362 εἴρηται
1464 2304 1548 2362 γὰρ

67 2368 206 2423 οὕτως
240 2374 268 2426 ἡ
308 2375 396 2417 τῶν
434 2375 657 2432 ποτηρίων
692 2374 946 2430 σκευοθήκη
986 2377 1108 2434 παρὰ
1141 2374 1464 2435 ’Λριστοφάνει
1499 2376 1547 2418 ἐν

70 2443 301 2501 Γεωργοῖς·
322 2439 505 2503 <’.Ωσπερ
533 2447 624 2491 κτλ.

160 2589 191 2632 ‘)
224 2591 273 2624 lta
304 2596 426 2626 censet
456 2593 562 2627 etiam
595 2594 638 2627 0.
665 2594 859 2629 Schneider
891 2596 935 2629 de
967 2598 1051 2630 vett.
1086 2593 1122 2628 in
1146 2594 1252 2629 Arist.
1283 2594 1391 2629 schol.
1425 2595 1543 2633 Fonte,

69 2658 103 2690 p.
126 2648 186 2691 58,
218 2650 278 2694 qui
310 2653 396 2686 satis
427 2654 594 2688 audacter
617 2655 748 2699 corrigi
772 2658 864 2690 vult:
898 2659 986 2689 ἔοικε
1007 2652 1166 2701 χρησμός
1190 2667 1243 2692 τις
1269 2657 1379 2688 εἶναι·
1412 2654 1459 2693 ὦς
1488 2655 1545 2687 καὶ

69 2708 104 2737 ἰν
135 2707 295 2749 τούτοις·
323 2711 440 2746 “Ὀτου
465 2734 511 2739 --
535 2713 698 2757 ἄκήκοας.
747 2717 804 2748 καὶ
836 2714 901 2759 γὰρ
937 2718 972 2748 ἐν
1007 2718 1082 2753 τοῖς
1108 2717 1283 2760 Γεωργοῖς
1318 2714 1427 2753 οὕτως
1458 2717 1543 2756 ἴχει·

68 2764 134 2805 Mt}
158 2779 221 2808 51⁰⁶
241 2766 468 2813 Ἀθηναίονς
494 2774 564 2806 κτλ.
