1716 3164
274 100 295 120 θ

619 157 1065 202 ARlSTOPHANES.
1503 156 1589 197 895

117 289 209 318 sum
248 280 440 317 accurate
479 275 666 323 noverit,
711 275 747 314 is
777 274 900 313 etiam
938 271 1105 312 fabulae
1140 270 1352 323 ingenium
1392 273 1436 310 et
1463 281 1586 322 argu-

120 350 329 395 mentum,
377 348 463 387 sive
509 352 552 386 tu
595 345 851 399 propositum
897 343 1166 383 consiliumve
1209 341 1423 394 appellare
1453 340 1584 386 malis,

117 418 224 458 bene
254 418 489 470 perspiciat.

230 490 283 528 At
312 489 408 526 illae
439 488 491 526 de
521 491 708 538 tempore
733 482 1038 536 disquisitiones
1069 480 1191 519 etiam
1224 479 1336 519 allud
1362 479 1460 531 quid
1489 492 1584 532 spe-

116 562 249 599 ctant:
291 569 466 610 namque
504 561 590 596 tum
621 554 810 603 demum,
852 554 886 593 si
916 555 1173 605 compertum
1211 549 1433 600 babemus,
1463 563 1586 603 quam

116 641 281 682 quoque
309 633 508 681 -tempore
543 629 666 680 poeta
705 624 894 665 docuerit
935 622 1217 670 comoediam,
1262 621 1398 674 ipsum
1436 625 1586 674 poetae

114 700 326 753 ingenium
358 711 541 751 quasque
586 695 890 737 vicissitudines
928 693 1076 742 subiit,
1121 692 1394 744 introspicere
1439 704 1584 744 possu-

113 781 220 810 mus,
287 769 441 808 Poetae
471 773 608 808 autem
638 767 820 807 indolem
852 770 977 817 atque
1005 764 1188 804 animum
1218 763 1459 803 comoediae
1486 763 1584 804 illae

116 839 245 879 multo
274 839 448 879 maxime
477 840 686 879 illustrant
715 841 758 877 et
787 835 1065 889 patefaciunt,
1103 846 1197 874 cum
1227 834 1488 886 praesentiae
1509 834 1584 874 ad-

114 909 280 949 strictae
315 910 356 949 in
386 910 478 962 ipso
508 920 649 948 rerum
679 907 894 960 praecipiti
931 905 1097 945 turbine
1133 905 1388 957 compositae
1418 909 1460 945 et
1490 918 1584 959 per·

109 977 246 1018 fectae
296 979 390 1020 siut.
469 981 525 1019 Et
573 979 654 1018 hoc
698 978 867 1031 quidem
914 981 1086 1029 apparet
1125 975 1190 1014 vel
1232 988 1282 1015 ex
1319 988 1468 1028 magno
1508 988 1584 1017 uu-

108 1060 225 1089 mero
255 1050 575 1098 comoediarum,
605 1062 707 1101 quas
739 1047 1036 1100 Aristophane·
1066 1047 1312 1098 composuit,
1342 1047 1454 1086 huuc
1481 1060 1584 1099 poe-

108 1123 195 1159 tam
224 1119 351 1159 celeri
369 1123 644 1173 promptoque
674 1120 856 1173 ingenio,
884 1119 928 1158 id
942 1117 1053 1171 quod
1076 1117 1337 1170 vpropositum
1364 1116 1456 1166 fuit,
1487 1130 1583 1170 per-

112 1194 298 1230 secutum
338 1203 453 1231 esse:
502 1190 602 1243 quid
643 1190 754 1242 quod
791 1201 915 1229 unam
954 1189 1180 1228 alteramve
1222 1187 1404 1227 fabulam
1444 1189 1584 1240 paucis

110 1260 256 1300 diebus
286 1265 401 1311 ante,
443 1272 563 1313 quam
594 1261 752 1314 agenda
783 1264 915 1310 esset,
955 1259 1119 1299 videtur
1149 1260 1454 1310 composuisse,
1483 1259 1583 1300 licet

108 1330 232 1371 facile
262 1331 499 1380 concedam,
531 1332 705 1371 multum
736 1331 890 1382 diuque
919 1335 1084 1382 poetam
1117 1329 1332 1368 consilium
1362 1342 1583 1381 argumen-

107 1404 278 1452 tumque
322 1402 542 1454 cogitando
590 1402 832 1441 versavisse.
909 1401 1052 1451 Neque
1093 1399 1390 1452 Aristophanes
1433 1400 1581 1450 solum,

107 1471 179 1522 qui
218 1471 374 1524 ingenii
411 1473 622 1513 alacritate
653 1472 848 1524 aequales
885 1475 1030 1523 poetas
1068 1469 1190 1509 facile
1227 1471 1455 1523 superavit,
1496 1477 1580 1512 tam

107 1541 235 1581 celeri
265 1554 392 1594 opera
423 1543 666 1595 perfunctus
700 1547 785 1592 est,
828 1553 971 1581 verum
1002 1541 1071 1580 alii
1102 1554 1268 1593 quoque
1299 1547 1467 1594 poetae,
1509 1542 1580 1593 qui

107 1612 243 1653 minus
271 1617 417 1654 natura
448 1619 490 1654 et
519 1615 707 1654 doctrina
738 1613 942 1661 valebant,
974 1613 1120 1652 eadem
1149 1611 1242 1652 fere
1271 1612 1485 1653 celeritate
1514 1613 1580 1654 usi

106 1687 215 1723 sunt.
281 1683 468 1736 Namque
504 1685 615 1736 quod
655 1684 851 1725 Cratinus
886 1682 988 1722 dixit
1027 1683 1069 1723 iu
1107 1682 1359 1723 Chironibus
1399 1683 1579 1724 conscri-

106 1753 255 1794 bendis
283 1767 328 1794 se
355 1754 459 1795 duos
489 1768 618 1795 annos
645 1755 831 1807 integros
862 1753 1042 1793 defixum
1073 1753 1215 1802 fuisse,
1246 1754 1455 1806 singulare
1485 1767 1578 1797 esse

105 1824 241 1877 arguit
270 1824 373 1864 illud
402 1825 561 1878 ipsum,
601 1826 710 1878 quod
742 1813 1303 1865 dilucide'commemoravit.
1364 1825 1447 1865 lam
1477 1839 1579 1866 vero

104 1895 140 1934 si
179 1895 406 1935 secundum
446 1897 645 1949 temporis
683 1896 871 1936 ordinem
919 1894 1206 1947 Aristophanis
1251 1896 1487 1936 comoedias
1532 1902 1577 1939 et

104 1964 286 2016 integras
316 1970 358 2006 et
388 1979 560 2019 quarum
590 1967 793 2019 reliquiae
821 1970 981 2006 tantum
1022 1970 1181 2014 extant,
1217 1966 1447 2016 accuratius
1477 1979 1575 2019 per-

103 2034 351 2086 lustramus,
393 2037 516 2077 facile
545 2037 908 2078 animadvertimus
939 2049 1019 2076 non
1051 2037 1246 2076 continuo
1286 2041 1328 2075 et
1358 2037 1574 2089 praecipiti

102 2105 217 2156 quasi
248 2118 385 2156 cursu,
414 2107 488 2146 sed
519 2108 672 2148 sensim
702 2112 744 2148 et
773 2120 849 2160 per
878 2107 1030 2160 gradus
1071 2113 1236 2160 poetam
1274 2108 1325 2146 ad
1366 2120 1573 2148 summum

100 2176 314 2229 perfectae
350 2178 450 2217 artis
488 2177 696 2230 fastigium
734 2178 989 2231 pervenisse.
1049 2178 1185 2228 Atque
1224 2177 1573 2228 quemadmodum

100 2247 294 2299 autiquae
322 2248 472 2287 atticae
501 2249 741 2287 comoediae
770 2248 848 2287 tria
879 2251 975 2287 sunt
995 2241 1163 2298 genera‘
1177 2247 1358 2286 discreta
1386 2248 1494 2287 inter
1517 2260 1580 2291 se-

100 2328 150 2356 ac
187 2317 368 2366 diversa,
405 2318 463 2356 ita
497 2317 597 2356 licet
635 2317 758 2356 etiam
794 2317 837 2356 in
873 2317 1060 2368 principe
1100 2321 1221 2368 poeta
1252 2317 1417 2357 easdem
1448 2318 1568 2360 vicis-

100 2386 299 2427 situdines
351 2387 702 2427 animadvertere:
747 2388 880 2427 tribus
927 2387 1054 2440 igitur
1103 2387 1245 2439 spatiis
1283 2389 1568 2440 Aristophanis

97 2456 243 2508 poesin
281 2457 519 2498 describere
562 2458 774 2508 volumus,
819 2469 991 2509 quorum
1030 2458 1208 2509 primum
1255 2457 1416 2499 fabulas
1453 2472 1566 2502 com-

98 2526 307 2579 plectitur,
322 2538 423 2578 quas
451 2529 613 2569 iuvenis
637 2529 868 2581 composuit
892 2540 1024 2580 usque
1044 2529 1098 2568 ad
1116 2528 1279 2580 Olymp.
1297 2530 1508 2570 LXXXIX
1540 2531 1561 2571 1

96 2595 141 2636 h.
170 2609 208 2637 e.
238 2609 370 2649 usque
401 2597 453 2637 ad
484 2597 589 2639 illud
617 2602 803 2651 tempus,
833 2611 914 2651 quo
943 2601 1105 2651 priores
1136 2599 1276 2638 Nubes
1306 2599 1466 2639 docuit:
1502 2601 1562 2642 al-

98 2668 232 2706 terum
268 2667 367 2707 licet
409 2668 617 2709 deducere
651 2669 750 2710 inde
785 2670 836 2710 ab
875 2670 949 2709 illo
979 2682 1087 2709 annno
1133 2681 1264 2721 usque
1301 2670 1353 2723 ad
1393 2671 1559 2724 olymp.

96 2735 232 2778 xcm
259 2737 288 2778 8
325 2750 407 2791 quo
436 2739 603 2792 quidem
632 2752 740 2782 anno
770 2740 908 2781 Ranas
943 2740 1306 2782 docuitrtertium
1340 2752 1473 2794 usque
1507 2742 1558 2784 ad
