1716 3158
210 195 292 236 734
431 193 817 238 ARISTOMENIS
860 191 1119 238 FABULAE
1151 196 1451 241 INGERTAE.

909 305 983 346 ΠΙ.
1362 338 1365 343 ,

320 387 467 428 Pollux
497 387 557 426 111
589 385 696 427 150:
737 382 823 441 ἀφ’
852 378 915 427 ὦν
944 384 1206 441 (σφαιρῶν)
1235 389 1308 429 καὶ
1337 387 1387 430 τὸ
1417 404 1670 447 σφαιρομα-

205 456 318 510 χεῖν,
357 455 431 495 καὶ
469 452 865 510 σφαιρομαχία
904 452 1023 511 παρὰ
1061 451 1363 511 Ἀριστομένει
1401 459 1448 500 ἐν
1475 457 1670 518 Διονύσῳ

210 523 388 582 ἀσκητῇ.
422 527 538 568 Unus
567 526 697 568 codex
726 522 1047 581 σφαιρομαχίαι
1083 530 1125 567 et
1153 524 1347 583 Διονύσῳ
1375 528 1420 568 ἐν
1447 526 1670 581 ἅσκηταῖς.

623 798 700 839 Ex
731 797 996 839 INGERTIS
1028 798 1277 840 FABULIS.

931 910 962 950 1.

462 990 789 1051 Ἀκρατιοῦμαι
817 994 993 1053 μικρὸν,
1023 988 1120 1038 εἶθ’
1149 991 1236 1049 ἥξω
1267 989 1399 1036 πάλιν

461 1074 597 1133 ἄρτου
626 1079 692 1128 δὶς
721 1076 749 1131 ἢ
781 1082 872 1136 τρὶς
901 1076 1155 1123 ἀποδακών.

321 1190 559 1232 Athenaeus
590 1194 608 1233 Ι
638 1207 679 1246 p.
712 1195 762 1234 ll
783 1195 821 1235 d.
865 1195 918 1235 de
947 1195 1072 1235 verbo
1102 1188 1414 1245 ἀκρατίζεσθαι
1445 1192 1671 1232 disserens:

211 1254 529 1313 Ἀριστομένης
555 1257 880 1316 Ἀκρατιοῦμαι
909 1262 1000 1305 κτλ.
1062 1264 1241 1303 Primum
1271 1273 1433 1301 versum
1464 1274 1513 1301 ex
1542 1261 1671 1303 Athe-

212 1341 315 1369 naeo
353 1331 473 1381 petiit
503 1332 742 1372 Eustathius
783 1334 832 1373 ad
865 1334 1011 1387 Odyss.
1043 1346 1083 1386 p.
1117 1333 1222 1372 1791
1255 1332 1324 1371 37.
1390 1331 1573 1384 Respicit
1609 1333 1671 1372 lo-

212 1411 304 1438 cum
344 1399 605 1451 Phrynichus
643 1404 748 1454 App.
794 1404 910 1455 soph.
943 1417 982 1456 p.
1012 1404 1067 1442 23
1106 1403 1171 1443 15.
1217 1396 1574 1454 ἀκρατίσασθαιε
1620 1396 1670 1439 τὸ

212 1465 367 1522 μικρὸν
410 1467 623 1522 ἐμφαγεῖν
668 1469 751 1524 πρὸ
796 1469 874 1510 τοῦ
915 1467 1109 1525 ἀρίστου.
1181 1465 1513 1524 Ἀριστοφάνης
1570 1470 1671 1521 (sic)

213 1533 588 1592 ἀκρατιοῦμαι
619 1536 825 1594 μικρὸν.
886 1544 933 1583 V.
965 1543 1072 1583 Hist.
1103 1542 1193 1583 crit.
1223 1555 1263 1595 p.
1295 1542 1392 1581 212.

921 1665 973 1704 11.

325 1742 475 1784 Pollux
507 1745 583 1786 V11
615 1746 716 1786 167:
746 1741 1063 1799 Ἀριστομένης
1092 1745 1137 1785 δὲ
1167 1744 1191 1786 ὀ
1221 1742 1405 1797 κωμικὸς
1435 1738 1671 1797 φιλακό-

214 1809 428 1859 λουθος
457 1808 697 1867 ἄρχεται.
755 1817 852 1856 Fuit
882 1817 951 1868 qui
981 1812 1145 1868 ἔρχεται
1173 1817 1410 1870 corrigeret.
1469 1813 1551 1853 Sed
1581 1813 1673 1865 quie

212 1885 397 1934 praestet
425 1888 589 1935 poetam
619 1897 701 1924 non
731 1887 1088 1938 acumenpetiisse
1118 1899 1166 1926 ex
1197 1885 1424 1938 oppositis?
1453 1887 1497 1922 ut
1526 1895 1672 1922 sensus

213 1951 291 1999 sit,
321 1952 393 2004 qui
420 1951 530 1992 alias
557 1967 776 2007 sequacem
803 1967 848 1994 se
869 1957 1118 2007 praestitit,
1147 1968 1257 1995 nunc
1287 1956 1376 2007 ipse
1404 1953 1470 1992 rei
1497 1953 1671 1992 initium

205 2021 337 2071 facit.
409 2018 748 2069 Φιλακόλουθος
793 2036 849 2064 ex.
885 2024 1094 2077 Aristoph.
1136 2026 1240 2065 Ran.
1278 2025 1362 2064 416
1406 2022 1672 2076 assumpsisse

213 2089 388 2131 videtur.

910 2177 983 2216 111.

236 2261 238 2263 '
323 2256 598 2309 Harpocratio
619 2263 667 2311 p.
699 2259 782 2299 127
810 2260 858 2299 ῦς
897 2251 965 2298 ὅτι
1000 2256 1044 2298 δὲ
1083 2259 1157 2298 καὶ
1187 2257 1230 2298 οἱ
1255 2256 1403 2297 δοῦλοι
1431 2253 1671 2311 ἀφεθέντες

213 2319 299 2364 ὑπὸ
329 2323 416 2364 τῶν
444 2323 669 2366 δεσποτῶν
698 2325 870 2367 ἐτέλουν
899 2324 950 2368 τὸ
978 2324 1221 2381 μετοίκιον,
1251 2323 1376 2367 ἄλλοι
1404 2339 1447 2365 τε
1478 2324 1564 2366 τῶν
1587 2339 1670 2366 κω-

213 2392 350 2446 μικῶν
379 2392 649 2446 δεδηλώκασι
677 2396 752 2438 καὶ
779 2392 1111 2452 Ἀριστομένης.
