1716 3164
186 143 296 184 116⁰
683 142 1091 187 ARISTOPHANIS

297 253 525 294 Scholiasta
542 252 722 295 Platonis
751 254 886 307 p.335
916 255 981 295 ed.
1001 255 1182 295 Bekker:
1209 249 1288 294 Ἐν
1314 252 1361 294 δὲ
1391 255 1478 303 τοῖς
1506 253 1632 311 Ἀρι-

189 317 433 374 στοφάνους
466 320 766 374 Τελμησσεῦσι
794 321 843 362 τὸ
876 322 976 371 τέως
1003 318 1102 362 ἀντὶ
1131 320 1210 362 τοῦ
1238 319 1446 378 πρότερον
1481 327 1630 367 κεῖται·

196 384 258 428 Οὐ
286 386 368 444 γὰρ
398 388 579 444 τίθεμεν
606 391 696 435 κτλ.

878 449 948 490 lv.

296 530 495 571 Aristides
525 532 543 571 1
571 545 611 584 p.
642 532 723 571 277
753 532 779 570 6
808 531 941 572 Iebb.:
977 525 1045 568 ‘H
1073 526 1277 583 κωμῳδία
1319 542 1364 581 γε
1405 526 1454 569 τὸ
1482 529 1635 572 λοιπόν

192 594 330 648 ἔστιν,
360 595 507 650 ἔλεγον
536 597 582 638 δὲ
611 597 841 653 ἀναφέρων
869 593 929 647 εἰς
957 596 1056 645 τοὶς
1090 597 1354 651 Τελμισσέας
1382 598 1636 653 (τελμισὲας

189 666 317 708 codex
346 669 672 721 Laurentianus)
712 667 789 709 τοῦ
828 663 1180 722 Ἀριστοφάνους
1214 665 1271 714 ὠς
1306 666 1394 706 ἐκεῖ
1422 666 1533 723 λόγῳ
1572 683 1636 718 τις

191 730 432 787 ἠγωνίζετο,
470 734 576 794 ἔργῳ
606 737 650 778 δὲ
679 735 746 779 οὔ.
818 740 967 780 Nescio
999 752 1048 778 an
1078 738 1266 778 Aristidis
1295 738 1408 777 locus
1437 740 1637 790 pertineat

195 805 246 845 ad
274 806 548 860 fragmentum
578 810 777 860 superius.
834 809 867 848 F
872 812 948 847 ort.
979 806 1272 858 Aristophanes
1302 807 1540 859 scripserat:

414 871 543 933 Λόγῳ
572 873 654 932 γὰρ
683 871 1024 931 ἠγωνιζόμεσθ’,
1056 872 1218 930 ἔργοισι
1248 870 1297 912 δ’
1330 870 1394 916 οὔ.

882 961 932 1001 V.

767 1040 823 1082 A.
860 1036 1083 1095 Τράπεζαν
1110 1036 1216 1091 ἡμῖν
1244 1038 1410 1094 εἴσφερε

356 1123 465 1176 τρεῖς
494 1119 633 1183 πόδας
663 1121 859 1176 ἔχουσαν,
889 1124 1093 1178 τέτταρας
1123 1120 1166 1161 δὲ
1196 1118 1256 1174 μὴ
1283 1117 1420 1174 ’χέτω.

357 1203 414 1247 Β,
447 1205 540 1245 Καὶ
571 1202 715 1245 πόθεν
742 1203 818 1258 ἐγώ
850 1203 1031 1260 τρίπουν
1060 1200 1272 1259 τράπεζαν
1301 1199 1528 1257 λήψομαι;

303 1293 539 1334 Athenaeus
570 1295 608 1334 11
639 1308 679 1346 p.
708 1295 762 1334 49
794 1296 849 1336 C:
885 1289 1235 1348 Ἀριστοφάνης·
1279 1287 1501 1345 Τράπεζαν
1538 1288 1641 1345 ἡμῖν

190 1359 279 1401 κτλ.
352 1365 509 1405 Eadem
551 1364 671 1404 affert
711 1365 947 1405 Eustathius
988 1378 1028 1416 p.
1068 1364 1177 1404 1398
1208 1363 1274 1402 17.
1319 1363 1487 1415 respicit
1529 1362 1638 1402 idem

192 1444 234 1483 p.
264 1433 346 1472 867
383 1433 460 1474 25:
508 1431 741 1471 πέπαικται
780 1429 829 1472 τὸ
874 1430 1002 1483 Οἴμοι
1038 1429 1128 1478 πῶς
1165 1426 1219 1470 ἂν
1255 1423 1423 1484 εὕροιμι
1461 1426 1640 1484 τρίπουν

192 1494 425 1552 τράπεζαν;
483 1502 554 1543 Vs.
586 1503 608 1541 1
640 1499 808 1554 εἴσφερε
840 1502 1059 1550 Ροτεοηιιε,
1089 1501 1209 1553 vulgo
1241 1498 1356 1553 φέρε.
1404 1524 1458 1532 —--
1514 1500 1585 1541 Vs.
1614 1501 1641 1539 2

194 1566 402 1622 τέτταρας
429 1571 683 1620 Ευεῐαῐῐιίυε,
714 1572 834 1623 vulgo
863 1568 1089 1623 τέσσαρας.
1147 1570 1212 1611 Ad
1233 1570 1541 1610 Telmessenses
1570 1580 1640 1608 au-

193 1639 407 1679 tem‘haec
435 1640 652 1680 referenda
683 1653 773 1679 esse
803 1641 922 1680 docet
951 1640 1123 1689 Pollux,
1162 1639 1230 1692 qui
1270 1651 1432 1679 versum
1475 1638 1642 1677 tertium

198 1707 319 1750 affert
355 1708 393 1748 X
434 1710 503 1749 80.
575 1709 688 1749 Idem
726 1709 783 1750 Vl
818 1710 894 1749 83:
935 1707 1028 1748 Καὶ
1073 1705 1272 1760 τρίποδες
1300 1732 1378 1748 —.
1436 1705 1509 1746 καὶ
1552 1702 1644 1746 ἔστι

197 1771 391 1831 τοῦνομα
419 1803 472 1813 —-.-
501 1776 575 1819 καὶ
604 1775 650 1818 ἐν
685 1775 966 1834 Τελμισεῦσιν
992 1772 1353 1832 Ἀριστοφάνους.

890 1862 960 1903 VI.

428 1940 559 1983 Οἴνου
587 1957 630 1983 τε
662 1939 778 1984 Χίου
806 1938 999 1997 στάμνον
1027 1937 1145 1992 ἥκειν
1171 1942 1245 1983 καὶ
1273 1937 1422 1995 μύρον.

310 2026 458 2066 Pollux
486 2027 524 2067 X
551 2029 630 2067 72:
666 2022 995 2080 Ἀριστοφάνης
1029 2025 1075 2065 ἐν
1110 2023 1379 2081 Τελμησεῠσι
1414 2024 1510 2071 (alii
1551 2022 1643 2063 libri

198 2090 491 2148 τελμισσεῦσι)
520 2093 652 2147 λέγει·
690 2093 821 2135 Οἴνου
849 2107 893 2135 τε
922 2093 1010 2136 κτλ.

877 2178 969 2220 Vll.

558 2256 831 2301 Πινακίσκον
860 2255 1028 2314 ἄπυρον
1056 2252 1283 2313 ι’χθυηρόν.

306 2343 450 2385 Pollux
493 2345 531 2386 X
573 2347 650 2386 82:
694 2340 1018 2400 Ἀριστοφάνης
1061 2338 1104 2381 δ’
1147 2339 1253 2382 ἔοικε
1300 2339 1482 2393 διαιρεῖν
1523 2338 1643 2386 τινας

197 2407 385 2465 ἀπύρους
413 2412 487 2452 καὶ
514 2409 727 2466 ἐμπύρους
755 2409 1052 2460 πινακίσκους,
1088 2409 1144 2461 ως
1174 2405 1281 2451 ὅταν
1311 2408 1375 2466 φῇ
1403 2408 1449 2448 ἐν
1484 2407 1645 2461 Τελμη-

199 2479 321 2520 σεῦσι
357 2483 549 2531 (codices
585 2483 739 2534 aliquot
766 2479 1068 2534 τελμισσεῧσι)
1104 2477 1377 2520 Πινακίσκον
1405 2477 1492 2518 κτλ.
1559 2479 1642 2516 Re-
1715 2532 1716 2537 1

172 2551 320 2610 spicit
353 2551 464 2592 huno
500 2564 660 2592 versum
701 2552 957 2604 Phrynichus
995 2552 1035 2591 in
1073 2551 1248 2592 Bekkeri
1287 2549 1440 2591 Anecd.
1471 2547 1487 2586 l
1517 2560 1557 2598 p.
1589 2546 1641 2585 14
1714 2554 1716 2567 ⁴

106 2645 122 2663 e
198 2620 279 2659 22:
317 2614 522 2675 ”Απυρον
563 2618 839 2662 πινακίσκον·
883 2616 1047 2670 καινόν,
1074 2615 1143 2674 ξμή
1182 2633 1249 2660 πω
1289 2616 1391 2671 πυρὶ
1428 2625 1641 2669 προσενη,

199 2686 416 2741 νημένον.
