1716 3164
239 172 324 212 ΜΘ
656 198 658 202 v
736 171 1176 217 Astls'rOPnANES.

241 284 323 323 lam
354 282 546 332 deinceps
575 279 858 321 difficultatem
893 282 1015 323 huius
1045 285 1311 337 professionis
1341 290 1592 342 maximeque
1620 290 1679 337 le·-

238 354 402 392 vitatem
432 349 741 391 Atheniensium
766 357 1078 393 commemorat:

293 417 479 458 Πολλῶν
507 415 588 470 γὰρ
617 415 669 467 δὴ
701 415 999 472 πειρασάντων
1027 417 1165 471 αὐτὴν
1193 419 1352 475 ὀλίγοις
1381 423 1676 480 χαρίσασθαι,

292 485 403 542 ὑμᾶς
431 500 474 527 τε
504 483 638 527 πάλαι
667 483 988 540 διαγιγνώσκων
1024 488 1236 539 ἐπετείους
1265 491 1344 542 τὴν
1371 493 1505 547 φύσιν
1533 492 1674 545 ὄντας,

294 557 369 599 καὶ
407 553 507 604 τοὺς
541 555 772 612 προτέρους
810 557 896 597 τῶν
926 558 1117 607 ποιητῶν
1149 554 1244 613 ἅμα
1275 560 1334 618 τῷ
1370 558 1481 618 γήρα
1525 563 1675 618 προδι-

1006 624 1178 677 δόντας.

234 698 351 738 Haec
379 699 514 736 autem
545 695 771 747 Magnetis,
802 696 976 746 Cratini,
1009 699 1183 740 Cratetis
1213 701 1408 753 exemplis
1436 701 1532 741 satis
1561 701 1675 741 lucu-

233 766 354 806 lentis
391 766 589 812 illustrat,
629 764 697 815 qui
726 764 824 803 licet
853 766 950 804 artis
981 768 1159 808 comicae
1190 771 1414 822 principes,
1455 784 1579 822 saepe
1614 775 1674 810 ta-

232 848 325 875 men
354 834 565 873 adversam
594 833 735 884 populi
764 834 1010 874 voluntatem
1047 838 1202 889 experti
1233 843 1368 878 crant:
1411 840 1513 879 haec
1547 839 1674 891 igitur

230 902 683 956 potissimum-exempla
697 915 945 944 summorum
962 909 1172 957 poetarum
1199 912 1350 948 metum
1375 908 1451 948 sihi
1470 909 1672 957 iniecisse,

230 973 285 1013 ita
314 977 360 1013 ut
389 973 458 1013 diu
488 975 699 1013 cunctatus
727 973 800 1012 sit:

590 1034 726 1080 Ταῦτ’
757 1035 958 1095 ὀρρωδῶν
987 1040 1198 1097 διέτριβεν
1223 1040 1304 1086 ἀεί.

231 1110 370 1162 ltaque
401 1122 492 1150 cum
520 1110 562 1150 in
588 1110 765 1150 Nubium
795 1112 977 1163 parabasi
1008 1127 1045 1153 v.
1075 1113 1356 1154 530-eandem
1384 1126 1472 1153 rem
1500 1112 1640 1165 tangit,

310 1174 460 1230 Κάγώ,
490 1177 713 1232 παρθένος
741 1175 823 1232 γὰρ
852 1175 914 1218 ἔτ’
946 1169 988 1229 ἦ,
1016 1176 1120 1221 κούκ
1146 1179 1246 1231 ἐξῆν
1275 1176 1338 1221 πώ
1368 1193 1445 1232 μοι
1472 1180 1617 1230 τεκεῖν,

309 1245 512 1297 ἐξέθηκα,
543 1248 643 1294 παῖς
673 1242 722 1286 δ’
754 1244 873 1300 ἑτέρα
903 1261 967 1295 τις
995 1246 1181 1301 λαβοῦσ’
1214 1247 1418 1296 ἀνείλετο,

226 1317 414 1371 profecto
454 1330 534 1358 non
570 1317 664 1370 lege
701 1317 854 1369 aiiqua‚
901 1331 1004 1371 quae
1043 1320 1154 1360 nulla
1188 1320 1286 1368 fuit,
1327 1331 1371 1359 se
1400 1331 1423 1358 a
1452 1315 1665 1357 scribendo

226 1387 465 1428 deterritum
504 1399 596 1426 esse
632 1387 749 1435 dicit,
790 1387 863 1427 sed
900 1388 1011 1427 illam
1047 1389 1176 1441 ipsam
1216 1387 1521 1435 verecundiam,
1561 1397 1665 1438 quae

226 1457 348 1498 decet
374 1457 562 1497 iuvenem
592 1458 769 1507 poetam,
798 1455 1012 1507 significat.

332 1527 386 1567 At
423 1524 714 1576 Aristophanes
755 1536 845 1563 cum
882 1538 1098 1577 germanus
1137 1531 1246 1567 esset
1286 1531 1407 1579 poeta
1445 1526 1663 1576 divinoque

223 1595 338 1648 quasi
371 1595 526 1646 impetu
565 1597 775 1644 ageretur,
816 1606 864 1633 ea
894 1607 998 1646 quae
1028 1595 1097 1636 diu
1127 1597 1382 1648 multumque
1411 1607 1551 1636 secum
1572 1593 1660 1634 vol-

222 1669 337 1704 verat
381 1669 422 1704 et
463 1663 503 1703 in
551 1675 691 1702 omnes
732 1667 867 1714 partes
911 1670 1168 1714 versaverat,
1207 1678 1287 1705 non
1330 1665 1462 1717 potuit
1500 1663 1693 1715 longius·

221 1734 471 1774 abscondere
523 1736 592 1771 aut
645 1731 838 1780 reiicere,
908 1733 1045 1784 itaque
1106 1734 1238 1773 aliena
1290 1746 1414 1785 opera
1469 1745 1566 1773 usus
1615 1733 1658 1771 in

220 1804 355 1844 medio
396 1802 620 1854 proposuit.
697 1800 780 1840 Sed
819 1805 862 1840 ut
902 1813 976 1840 suo
1015 1802 1157 1842 ordine
1195 1803 1390 1854 procedat
1428 1801 1658 1854 disputatio,

219 1873 394 1925 primum
423 1884 527 1923 quae
556 1874 717 1910 veteres
752 1870 1003 1921 grammatici
1040 1870 1117 1910 hac
1154 1872 1206 1911 de
1242 1884 1288 1910 rc
1318 1871 1536 1910 memoriae
1564 1882 1657 1922 pro-

216 1945 432 1990 diderunt,
473 1938 733 1980 examinanda
762 1943 868 1977 sunt.
927 1941 980 1978 Et
1010 1940 1139 1991 primo
1167 1940 1329 1991 quidem
1361 1940 1450 1978 loco
1480 1950 1658 1978 comme·

217 2012 454 2054 morandum
485 2009 760 2048 testimonium
792 2008 938 2047 veteris
966 2010 1246 2059 grammatici,
1268 2009 1335 2059 qui
1366 2008 1417 2047 de
1447 2007 1657 2047 comoedia

217 2080 378 2133 scripsit
407 2093 447 2131 p.
474 2077 610 2118 XXIX
641 2077 705 2116 ed.
737 2077 866 2116 iuver.
899 2090 940 2128 p.
970 2077 1052 2116 536
1080 2079 1136 2117 20
1176 2078 1241 2118 ed.
1272 2078 1399 2118 Mein.
1447 2071 1655 2129 Ἀριστο-

217 2146 358 2205 φάνης
401 2143 626 2187 Φιλίππου
661 2141 929 2192 Ἀθηναῖος,
972 2142 1356 2198 μακρολογώτατος
1392 2141 1655 2194 Ἀθηναίων

216 2219 290 2261 καὶ
328 2214 490 2271 εὐφυΐᾳ
526 2211 691 2262 πάντας
729 2208 989 2266 ὑπέραίρων,
1027 2211 1162 2262 ζηλῶν
1191 2211 1236 2252 δὲ
1263 2209 1529 2267 Εὐριπίδην,
1566 2213 1655 2263 τοῖς

217 2289 262 2330 δὲ
289 2285 437 2342 μέλεσι
462 2279 722 2337 λεπτότερος.
783 2278 979 2332 Ἐδίδαξε
1009 2280 1054 2321 δὲ
1083 2281 1417 2335 πρῶτος,(τεοῐο
1445 2284 1654 2324 Bekkerus

216 2357 403 2414 πρῶτον)
433 2353 503 2394 ἐπὶ
534 2349 739 2406 ἄρχοντος
763 2349 970 2405 Διοτίμου
997 2349 1070 2391 διὰ
1095 2346 1443 2404 Καλλιστράτου·
1471 2349 1548 2399 τὰς
1574 2353 1654 2404 μὲν

215 2427 296 2482 γὰρ
323 2421 541 2470 πολιτικὰς
569 2418 706 2476 τούτῳ
735 2420 874 2474 φασὶν
903 2417 1038 2460 αὐτὸν
1067 2419 1248 2471 διδόναι,
1278 2418 1334 2460 τὰ
1364 2421 1409 2460 δὲ
1437 2417 1539 2460 κατ’
1565 2418 1652 2462 Εὐ-

213 2494 386 2552 ριπίδου
413 2493 486 2535 καὶ
514 2487 768 2545 Σωκράτους
800 2487 1043 2545 Φιλωνίδῃ·
1080 2487 1153 2529 διὰ
1191 2488 1235 2529 δὲ
1265 2488 1391 2530 τοῦτο
1421 2489 1649 2542 νομισθεὶς

212 2563 386 2620 ἀγαθὸς
415 2559 594 2613 ποιητὴς
621 2557 720 2609 τοὺς
747 2557 923 2609 λοιποὺς
947 2555 1289 2614 ἐπιγραφόμενος
1316 2556 1446 2598 ἐνίκα.
1467 2553 1652 2597 ’Έπειτα

215 2634 271 2692 τῷ
312 2632 388 2690 υἱῷ
419 2631 565 2673 ἐδίδου
603 2627 656 2670 τὰ
693 2625 917 2683 δράματα,
967 2625 1074 2669 ὄντα
1110 2626 1187 2668 τὸν
1223 2621 1538 2688 ἀριθμὸν,ἱνδ’,
1586 2617 1649 2666 ὦν

214 2702 335 2747 νόθα
366 2699 416 2744 δ’.
484 2704 565 2744 Hic
602 2700 906 2755 grammaticus,
944 2704 990 2741 ut
1029 2700 1127 2741 alian
1167 2698 1249 2740 fide
1285 2697 1564 2750 dignissimus,
1592 2697 1647 2738 ita
