1716 3164
178 119 289 162 1224
380 115 792 161 ARISTOPHANIS
820 86 1078 159 FABULAE
1117 117 1414 160 ιΝοΕηΤΑΕ.

178 225 399 272 καλοῦσιν.
455 221 792 281 Ἀριστοφάνης.
847 225 977 267 Πλέω
1014 222 1178 281 γράσον
1214 228 1286 268 καὶ
1322 225 1523 280 ψοθοίον
1551 225 1624 266 καὶ
1694 213 1711 262 >s

179 295 319 356 ῥύπον
355 309 400 348 γε
440 294 516 335 καὶ
551 291 731 350 ψόθου·
772 290 989 350 Αἰσχύλος
1033 295 1228 351 Θεωροῖς.
1286 300 1518 339 Dindorfius
1556 298 1625 337 illa
1695 284 1714 318 ?³

180 367 386 419 Aeschylo
416 367 570 416 tribuit,
599 366 825 419 probatque
842 369 1016 408 Dobraei
1044 368 1339 408 coniecturam:
1370 365 1495 406 Πλέω
1526 362 1625 417 γρά-

181 449 263 478 σον
289 448 333 475 τε
362 434 434 474 καὶ
458 430 639 487 ψόθον,
674 426 769 474 οἷον
797 434 869 475 καὶ
900 432 1050 491 ῥύπον.
1122 438 1228 477 Mihi
1266 437 1428 488 quidem
1469 437 1627 474 videtur

181 505 400 560 legendum
431 517 542 546 esse:
570 503 731 544 Πλέω
772 500 986 558 γράσον
1021 517 1074 544 τε
1109 505 1198 544 καὶ
1242 502 1418 561 ῥύπον
1446 517 1500 557 γε
1537 503 1627 542 καὶ

182 570 385 627 ψόθον.
453 577 510 615 Ut
538 575 606 615 hic
635 575 918 627 Aristophanis
947 576 999 615 sit
1027 589 1189 624 versus,
1230 576 1456 628 Aeschylus
1495 577 1629 613 autem

184 645 289 686 illud
330 644 462 697 ipsum
498 640 564 698 *ψὸ
593 643 752 684 dixerit.
812 646 1062 697 Quamquam
1102 646 1223 684 etiam
1262 646 1438 685 conieci:
1478 640 1631 695 Πλέῳ
1708 651 1716 654 ·

184 709 400 769 γράσον
438 725 493 752 τε
530 711 622 752 καὶ
659 709 898 765 ψοθοιοί
915 725 925 736 ·
970 713 1062 752 Καὶ
1098 710 1275 767 ῥύπου
1312 727 1365 766 γε
1403 711 1492 752 καὶ
1520 706 1631 763 ψό-

185 783 302 824 θου
332 780 526 830 πλέων,
555 785 600 822 ut
628 782 801 822 alterum
818 784 1023 836 Aeschyli,
1053 784 1335 836 Aristophanis
1363 784 1415 823 sit
1445 783 1631 822 alterum.

192 849 395 899 Ψοθοιὸς
424 852 665 892 adiectivum
696 857 894 892 memorat
911 853 1198 905 Theognostus
1231 854 1272 892 in
1288 853 1461 892 Bekkeri
1477 850 1630 892 Anecd.

189 922 251 963 111
281 922 461 975 p.1432,
489 921 735 963 substantiva
765 916 976 975 ψοθοὺκη
1006 927 1049 963 et
1077 916 1246 976 ψοθιόοι
1262 923 1459 964 Arcadius
1481 934 1520 973 p.
1537 920 1632 967 1⁰0,

190 991 259 1034 23.
289 991 370 1032 107
398 992 438 1032 6.
