1716 3164
608 149 998 194 cRoTONIA'rA.
1430 147 1542 190 1281

61 269 226 320 ocae.
253 261 304 316 ὃς
347 259 404 306 ἂν
453 260 593 305 αὐτὸν
637 263 807 320 πρῶτος
845 262 1066 305 καλέσειεν
1108 260 1183 304 ἐπὶ
1227 260 1421 304 δεῖπνον.
1484 255 1545 309 ὥς

60 331 144 384 οὖν
178 330 282 390 ἧκεν
329 331 390 386 εἰς
427 332 511 387 τὴν
549 331 788 390 Σπάρτην,
838 330 1102 388 καταβάντα
1149 330 1287 375 αὐτὸν
1334 328 1425 375 ἀπὸ
1464 329 1545 374 τοῦ

0 463 2 468 ι
61 409 282 467 ὀχήματος
315 405 515 450 ἐκάλεσεν
545 405 726 459 [αὐτὸν]
758 405 829 446 ἐπὶ
858 405 1037 447 δεῖπνον
1067 403 1308 455 νεανίσκος.
1367 399 1543 455 δειπνή-

0 469 2 520 ἷ
63 496 207 525 σαντα
249 481 296 522 δὲ
332 478 460 536 ἤρετο
496 476 574 534 ἐφ’
612 471 641 518 ὅ
676 491 716 518 τι
757 471 869 527 ἥκοι.
935 473 994 526 ὠς
1039 475 1086 518 δὲ
1130 474 1288 527 ἤκουσε
1326 476 1424 532 περὶ
1464 474 1546 517 τοῦ

60 552 276 610 χρησμοῦ,
306 547 534 603 ἀποξύσας
561 547 641 590 τοῦ
670 544 856 604 δόρατος
885 545 1162 598 ἐπιτίθησιν.
1180 551 1220 600 *)
1276 543 1334 597 ὥς
1366 547 1412 588 δὲ
1441 544 1545 589 ἀνέ-

63 626 206 668 λυσαν
242 621 332 666 ἀπὸ
374 621 454 664 τοῦ
493 619 687 671 δείπνου,
747 618 890 660 δοκῶν
927 616 1192 673 ἀναβαίνειν
1221 617 1293 660 ἐπὶ
1332 615 1384 660 τὸ
1422 612 1545 675 ἅρμα

65 697 144 749 τῆς
172 692 319 752 θύρας
348 690 486 735 αὑτοῦ
513 690 594 733 τοῦ
622 690 746 732 οἴκου
774 689 855 731 τοῦ
883 689 930 731 ἐν
945 687 1152 747 Κρότωνι
1181 687 1548 744 &nol-austrinam.

66 765 180 809 ἀλλά
207 767 281 808 καὶ
316 763 521 816 Θεοξένια
552 767 614 818 **)
657 758 797 803 αὐτοῦ
833 758 1044 815 ἄγοντος,
1083 758 1296 803 ἐκάλεσαν
1336 758 1476 802 αὐτὸν
1501 762 1546 803 οἱ

66 835 321 893 Διόσκουροι
353 835 461 893 πρὸς
492 830 671 876 Βάττον
698 832 741 883 ἐς
773 830 1005 890 Κυρήνην,
1044 833 1120 875 καὶ
1158 830 1320 885 ἀνέστη
1363 847 1407 874 τε
1437 831 1547 889 ἔχων

69 905 250 965 σιλφίου
277 904 469 949 καυλόν.·
488 909 572 959 ’**)

179 983 243 1023 Ex
275 981 540 1034 Theopompi
572 979 816 1032 Philippicis
854 978 961 1019 haec
989 978 1209 1030 desumpta
1237 991 1330 1018 esse
1366 979 1455 1031 ipse
1482 978 1546 1019 di-

64 1053 207 1096 sertim
237 1051 435 1093 indicavit
465 1051 641 1100 Suidas3
679 1051 776 1091 hinc
806 1054 999 1102 prompta
1028 1053 1092 1090 est
1121 1049 1378 1099 coniectura,
1408 1049 1546 1090 locum

70 1137 120 1165 ex
152 1137 200 1164 ea
230 1123 429 1164 uberrimi
459 1122 682 1174 multisque
712 1121 1051 1175 degressionibus
1079 1120 1229 1161 referti
1257 1121 1397 1174 operis
1426 1124 1546 1174 parte

67 1200 305 1249 excerptum
344 1207 460 1244 esse,
509 1194 551 1234 in
589 1207 669 1246 qua
706 1194 1040 1234 crotoniatarum
1078 1193 1239 1233 cladem
1277 1192 1330 1232 ad
1373 1193 1546 1246 Sagram

63 1268 236 1308 fluvium
267 1279 292 1306 a
322 1266 600 1306 Locrensibus
624 1271 833 1318 acceptam
876 1265 1167 1317 descripserat.
1236 1265 1356 1304 Hauc
1394 1264 1547 1305 luctifi-

66 1351 157 1378 cam
194 1338 305 1377 enim
343 1338 656 1390 potentissimae
703 1337 881 1377 civitatis
929 1335 1112 1386 cladem,
1161 1336 1203 1376 in
1242 1348 1323 1388 qua
1362 1336 1547 1377 ornanda

67 1408 332 1462 Theopompi
360 1410 573 1462 ingenium
604 1410 669 1448 vel
701 1409 876 1449 maxime
917 1409 1105 1448 exultare
1134 1411 1323 1461 poterat,
1359 1419 1443 1448 nou
1482 1408 1547 1448 in-

64 1480 219 1521 dictam
255 1481 586 1533 praetermisisse
624 1479 869 1520 historicum
910 1480 1160 1520 mirabilium
1191 1491 1336 1520 rerum
1365 1480 1546 1519 aventis·

67 1552 237 1602 simum,
276 1564 326 1591 ex
357 1551 486 1604 Trogi
518 1552 707 1605 Pompeii
737 1552 1011 1604 epitomatore
1041 1550 1308 1604 intelligitur,
1348 1550 1417 1602 qui
1445 1550 1546 1590 satis

68 1622 318 1663 luculentam
339 1623 449 1663 illius
476 1624 605 1663 cladis
634 1623 956 1676 descriptionem
987 1622 1174 1663 exhibuit
1203 1622 1274 1662 lib.
1291 1622 1371 1661 XX
1387 1634 1421 1662 c.
1438 1623 1466 1662 2
1484 1634 1545 1674 sq.

70 1693 256 1747 Trogum
287 1693 531 1747 Pompeium
571 1700 707 1734 autem
751 1700 881 1735 totum
918 1707 1012 1735 sese
1041 1694 1093 1734 ad
1124 1694 1416 1746 Theopompei
1445 1706 1547 1746 ope-

68 1764 127 1804 ris
168 1764 440 1804 imitationem
486 1767 768 1819 composuisse
817 1768 1024 1806 neminem
1072 1765 1194 1818 fugit.
1267 1764 1361 1805 Non
1406 1770 1546 1805 tamen

67 1829 291 1886 αὐτολεξεὶ
327 1836 591 1889 Theopompi
633 1837 770 1877 locum
801 1851 825 1877 a
854 1838 982 1878 Suida
1019 1837 1230 1878 redditum
1267 1848 1383 1885 esse,
1422 1836 1547 1877 docet

68 1910 156 1946 tota
184 1903 502 1960 'compositionis
532 1908 662 1958 ratio,
701 1909 744 1948 in
785 1920 864 1960 qua
895 1909 1237 1961 Theopompeam
1278 1909 1547 1962 expositionis

20 1988 23 1989 ’
66 1979 403 2031 perspicuitatem
448 1983 491 2019 et
531 1979 727 2019 orationis
771 1984 867 2032 apte
912 1980 1263 2033 coagmentandae
1302 1980 1546 2023 facultatem

66 2049 244 2089 subinde
274 2049 502 2092 desideres.
561 2051 662 2103 Quis
694 2050 803 2091 enim
833 2053 995 2104 credat,
1015 2058 1064 2094 ut
1091 2055 1175 2094 hoc
1203 2066 1331 2094 unum
1362 2066 1546 2094 comme-

67 2132 239 2170 morem,
261 2121 312 2161 ab
340 2121 433 2174 ipso
452 2122 729 2175 Theopompo
760 2136 842 2163 non
874 2125 1094 2166 dilucidius
1126 2125 1373 2178 explicatum
1398 2123 1546 2173 fuisse,

65 2190 160 2242 quis
201 2190 330 2231 fuerit
373 2193 459 2242 ille,
503 2194 574 2245 qui
622 2194 827 2233 medelam
869 2195 1111 2235 Phormioni
1149 2196 1337 2235 attulisse
1380 2195 1546 2245 dicitur,

66 2259 294 2312 Sptrtanus
325 2261 602 2302 adolesscen?
661 2265 918 2315 Quamquam
950 2266 1190 2318 diligentius
1218 2265 1259 2305 in
1291 2278 1380 2305 rem
1408 2250 1577 2317 inqui-⁸

68 2330 179 2370 renti
208 2343 289 2371 non
321 2331 490 2372 dubium
519 2332 748 2384 videbitur,
787 2336 884 2386 quin
924 2337 959 2376 is
990 2349 1097 2377 unus
1126 2336 1255 2376 fuerit
1285 2336 1545 2389 Tyndarida·

65 2412 175 2457 rum.
235 2403 296 2442 lta
331 2407 378 2443 ut
411 2407 589 2444 statuam
623 2403 724 2444 facit
759 2405 947 2460 inprimis
985 2395 1192 2450 simillima
1229 2407 1424 2457 alterius,
1460 2419 1544 2460 quo

164 2532 196 2573 ⁸)
218 2530 443 2567 Manifestum
467 2537 522 2567 est
545 2532 721 2567 excidisse
752 2533 810 2568 hic
841 2534 993 2580 aliquid,
1026 2550 1096 2583 quo
1134 2539 1255 2571 vulnus
1277 2541 1439 2572 sanatum
1463 2549 1542 2573 esse

67 2589 294 2626 indicabatur.
412 2592 461 2635 ⁸⁸)
489 2594 656 2628 Fortasse
679 2594 902 2630 scribendum
925 2595 969 2630 οὗ
991 2595 1062 2642 μὴν
1086 2594 1175 2632 ἀλλὰ
1202 2599 1260 2631 καὶ
1289 2599 1452 2637 Θεοξένια
1476 2604 1541 2634 etc.

66 2650 123 2684 De
146 2651 362 2687 Theoxeniis
392 2665 423 2687 v.
447 2654 602 2688 Boeckh.
628 2655 673 2688 ad
698 2655 797 2688 Pind.
822 2657 876 2690 ΟΙ.
902 2658 952 2691 lx
973 2659 1054 2693 102.
1110 2658 1387 2694 commemorari
1416 2660 1542 2695 viden-

69 2713 128 2743 tur
150 2710 253 2746 etiam
277 2723 298 2747 a
322 2714 488 2757 Polyzelo
511 2715 721 2758 Demotynd.
746 2716 887 2759 Fragm.
909 2719 953 2752 11.
1098 2718 1164 2761 ”’)
1191 2720 1259 2754 Hic
1282 2720 1389 2755 etiam
1412 2722 1539 2767 aliquid

70 2768 114 2802 ad
137 2773 327 2807 sententiae
353 2775 606 2810 absolutionem
631 2774 857 2812 desideratur.
