1716 3164
396 148 716 194 APAMATA
746 148 798 194 H
829 146 1228 195 ΚΕΝΤΑΥΡΟΣ.
1440 152 1551 196 105Ί

776 264 851 306 111.

262 348 398 394 Ἀλλ’
431 349 491 403 εἰς
518 350 654 396 κάδον
682 349 834 408 λαβόν
862 350 957 395 τιν’
987 350 1106 409 οὔρει
1136 351 1350 397 πίττινον.

183 457 337 499 Pollux
366 458 406 499 X
436 457 542 499 185:
578 456 680 505 Τοῖς
710 453 756 496 δὲ
786 450 984 497 σκεύεσιν
1013 449 1055 496 εἰ
1081 450 1287 510 βούλοιτό
1317 468 1383 506 τις
1411 468 1551 514 προσ-

70 527 286 583 αριθμεῖν
321 527 396 568 καὶ
435 523 574 568 κάδον
608 523 834 578 πίττινον,
874 523 1065 578 ἔξεστιν,
1111 522 1467 582 Ἀριστοφάνους
1502 526 1552 570 ἐν

70 595 305 654 Δράμασιν
331 593 361 648 ἢ
380 593 618 654 Κενταύρῳ
645 593 867 646 εἰπόντος·
898 592 1027 637 Ἀλλ’
1060 590 1120 645 εἰς
1149 593 1288 640 κάδον
1314 595 1406 641 κτλ.
1443 599 1551 642 Sunt

70 671 176 714 haec
205 671 258 712 ad
286 670 390 712 illud
418 671 529 723 apud
553 670 733 711 Pholum
763 667 997 710 convivium
1027 667 1266 710 referenda.

782 791 853 834 1V.

211 872 414 926 Πτίσσω,
444 871 632 930 βράττω,
662 872 829 929 μάττω,
860 870 988 927 δεύω,
1019 872 1174 927 πέττω,
1206 870 1398 915 καταλῶ.

70 1030 81 1046 ,
185 979 335 1020 Pollux
375 977 454 1019 V11
496 977 576 1017 24:
606 974 729 1032 ΙΤαῖν
769 974 816 1017 δὲ
852 977 952 1032 περὶ
989 970 1274 1031 ἇρτοπωλίαν
1309 969 1465 1030 ἀθρόα
1505 973 1553 1016 ἐν

82 1044 427 1105 ,Αριστοφάνους
468 1042 702 1100 Δράμασιν
733 1041 763 1097 ἢ
804 1042 1045 1103 Κενταύρῳ
1082 1047 1222 1100 (vulg.
1253 1040 1554 1100 Κενταύροις)

71 1118 227 1160 Πίττω
276 1117 400 1169 (cod.
434 1117 645 1171 Iungerm.
676 1115 843 1171 πιττιὸ)
883 1115 1058 1174 βράττω
1088 1116 1179 1158 κτλ.
1238 1115 1412 1157 πτίσσω
1451 1116 1554 1157 scri-

0 1178 2 1202 *
71 1192 153 1245 psit
182 1188 697 1269 BrunckiusnDindorfius
728 1185 917 1240 πτίττω,
947 1196 988 1231 at
1020 1191 1101 1231 vid.
1129 1190 1273 1232 Lobek
1302 1187 1555 1241 Paralipotm

72 1276 114 1317 p.
145 1262 216 1303 31.

775 1318 824 1358 V.

216 1404 368 1460 Χωρεΐ
390 1399 580 1456 ἄκλητος
609 1404 676 1447 άεὶ
705 1401 978 1456 δειπνήσων·
1009 1403 1063 1446 οὐ
1091 1402 1174 1459 γὰρ
1202 1399 1420 1444 ἄκανθαι.

186 1508 444 1560 Hesychius:
494 1503 558 1549 Οὐ
594 1506 677 1563 γὰρ
706 1504 940 1549 ἄκανθαι·
982 1503 1215 1563 παροιμία.
1271 1498 1556 1558 Ἀριστοφά-

73 1592 151 1631 νης
174 1575 348 1628 Σκηνὰς
377 1576 842 1634 καταλαμβανούσαις.
895 1574 1003 1619 Οὐδ’
1036 1578 1139 1626 ἴσως
1168 1573 1388 1627 ἀντέλεγες
1416 1568 1559 1629 τούτῳ

73 1648 134 1707 τῷ
164 1645 362 1704 δειπνίῳ·
402 1644 456 1689 οὑ
494 1646 578 1703 γὰρ
619 1646 838 1692 ἄκανθαι.
905 1650 979 1690 καὶ
1020 1648 1067 1689 ἐν
1103 1643 1336 1702 Δράμασιν
1373 1637 1404 1693 ἢ
1435 1641 1555 1683 Κεν-

74 1716 220 1777 ταύρῳ
253 1719 404 1772 Χωρεῖ
428 1715 478 1758 δ’
509 1716 695 1770 ἄκλητος
724 1718 792 1761 ἀεὶ
823 1715 1084 1770 δειπνήσων.
1131 1720 1179 1759 In
1211 1721 1397 1758 extremo
1428 1725 1555 1768 versu

74 1797 191 1834 recte
218 1791 408 1831 homines
440 1791 551 1832 docti
582 1787 634 1831 οὐ
665 1789 748 1846 γὰρ
779 1787 985 1831 ἀκάνθαι
1009 1790 1272 1837 addiderunt,
1304 1785 1456 1825 deinde
1484 1784 1558 1824 ab·

76 1863 158 1905 ieci
189 1861 434 1916 particulam
466 1858 536 1909 δὲ,
567 1867 614 1902 ut
643 1876 787 1904 versus
817 1863 871 1903 sit
899 1862 1118 1910 heroicus,
1149 1859 1228 1900 uisi
1259 1857 1371 1897 forte
1401 1852 1560 1906 aliquid.

76 1933 241 1983 excidit,
271 1932 434 1984 fuitque
463 1935 706 1975 tetrameter
735 1938 995 1986 anapaestus.
1052 1931 1255 1972 Dicuntur
1284 1930 1424 1968 autem
1451 1922 1560 1966 hacc

75 2005 130 2046 de
158 2003 360 2053 Hercule,
392 2003 463 2056 qui
491 2007 641 2057 sponte
671 2004 869 2047 conviviis
898 2004 1105 2044 interesse
1134 2000 1311 2042 solebat.

772 2128 847 2170 Vl.

191 2214 340 2256 Pollux
369 2213 408 2253 X
436 2214 519 2254 79:
566 2211 656 2254 Τὸν
688 2216 734 2256 δὲ
764 2215 978 2269 πυθμένα
1007 2212 1083 2254 καὶ
1113 2207 1318 2251 πύνδακα
1349 2232 1403 2239 -
1429 2201 1558 2259 Ἀρι-

0 2299 5 2332 2.
81 2281 309 2338 σῐοφᾶνης
338 2279 444 2334 γοῦν
474 2281 521 2320 ἐν
539 2279 772 2337 Δράμασιν
800 2285 826 2335 ἢ
855 2278 1089 2337 Κενταύρῳ
1114 2272 1559 2332 Ἐκκεκρουσμὲ-

0 2370 6 2394 ·.
78 2366 104 2395 ν
114 2367 139 2394 ο
154 2367 181 2393 υ
190 2368 211 2402 ς
242 2365 267 2392 τ
277 2365 301 2391 ο
314 2348 339 2391 ὺ
349 2366 371 2399 ς
402 2364 433 2391 π
444 2347 557 2391 ύνδα
566 2365 592 2392 κ
604 2367 664 2403 ας
692 2355 844 2410 εἴρηκε.
908 2355 1144 2408 Legebatur
1173 2344 1557 2403 ἐκκρουσαμένους,

2 2457 5 2461 -
81 2425 193 2478 quod
224 2423 400 2465 correxi.

688 2516 781 2558 Vll.
842 2515 956 2559 Vlll.

191 2598 342 2640 Pollux
368 2598 427 2639 lx
448 2597 526 2639 532
553 2594 623 2639 ‘H
653 2600 736 2654 μὲν
764 2597 848 2654 γὰρ
872 2592 1180 2650 Ἀντιφῶντος
1208 2585 1480 2636 ταλάντωσις
1506 2583 1560 2628 τὸ

0 2694 13 2709 .«
80 2661 217 2722 βάρος
247 2665 394 2718 δηλοῖ·
425 2667 502 2707 καὶ
531 2663 557 2708 ὁ
586 2665 917 2725 Ἀριστοφάνης
945 2667 992 2707 ἐν
1005 2660 1236 2719 Δράμασιν
1255 2657 1284 2712 ἢ
1301 2654 1558 2714 KWTai'Q‘P'

77 2733 275 2784 Λίθος
305 2733 748 2788 δεκατάλαντος.
782 2759 835 2766 --
868 2740 983 2780 ldem
1013 2738 1071 2778 lx
1101 2737 1178 2777 36:
1208 2727 1434 2786 Κωμήτας
1460 2725 1565 2775 τοὺς

138 2817 310 2854 comoed·
343 2821 418 2851 ant.
1237 2805 1293 2845 67
