<?xml version="1.0" encoding="UTF-8"?>
<!DOCTYPE html PUBLIC "-//W3C//DTD XHTML 1.0 Transitional//EN"
    "http://www.w3.org/TR/xhtml1/DTD/xhtml1-transitional.dtd">
<html xmlns="http://www.w3.org/1999/xhtml" xml:lang="en" lang="en">
 <head>
  <title>
</title>
<meta http-equiv="Content-Type" content="text/html;charset=utf-8" />
  <meta name='ocr-system' content='tesseract 3.04.00' />
  <meta name='ocr-capabilities' content='ocr_page ocr_carea ocr_par ocr_line ocrx_word'/>
</head>
<body>
  <div class='ocr_page' id='page_1' title='image "./fragmentacomicor02meinuoft_0324.png"; bbox 0 0 1716 3164; ppageno 0'>
   <div class='ocr_carea' id='block_1_1' title="bbox 224 165 1658 540">
    <p class='ocr_par' dir='ltr' id='par_1_1' title="bbox 224 165 1658 540">
     <span class='ocr_line' id='line_1_1' title="bbox 224 165 1147 213; baseline -0.005 -1"><span class='ocrx_word' id='word_1_1' title='bbox 224 172 306 213; x_wconf 67' lang='lat'><strong>922</strong></span> <span class='ocrx_word' id='word_1_2' title='bbox 707 165 1147 207; x_wconf 75' lang='lat' dir='ltr'><strong>ARISTOPHANES.</strong></span> 
     </span>
     <span class='ocr_line' id='line_1_2' title="bbox 279 270 1658 337; baseline 0.001 -18"><span class='ocrx_word' id='word_1_3' title='bbox 279 275 338 328; x_wconf 69' lang='grc' dir='ltr'><em>εἷς</em></span> <span class='ocrx_word' id='word_1_4' title='bbox 375 277 430 319; x_wconf 72' lang='grc' dir='ltr'><strong>τὰ</strong></span> <span class='ocrx_word' id='word_1_5' title='bbox 463 275 591 333; x_wconf 72' lang='grc' dir='ltr'><em>ῥάκια</em></span> <span class='ocrx_word' id='word_1_6' title='bbox 629 276 906 328; x_wconf 79' lang='grc' dir='ltr'><em>σκώπτοντας</em></span> <span class='ocrx_word' id='word_1_7' title='bbox 946 278 1011 321; x_wconf 73' lang='grc' dir='ltr'><strong>ἀεὶ</strong></span> <span class='ocrx_word' id='word_1_8' title='bbox 1050 283 1122 322; x_wconf 85' lang='grc' dir='ltr'><strong>καὶ</strong></span> <span class='ocrx_word' id='word_1_9' title='bbox 1166 282 1252 331; x_wconf 80' lang='grc' dir='ltr'><em>τοῖς</em></span> <span class='ocrx_word' id='word_1_10' title='bbox 1289 270 1499 337; x_wconf 78' lang='grc' dir='ltr'><em>φθειρσὶν</em></span> <span class='ocrx_word' id='word_1_11' title='bbox 1535 281 1658 321; x_wconf 79' lang='grc' dir='ltr'><em>πολε-</em></span> 
     </span>
     <span class='ocr_line' id='line_1_3' title="bbox 988 349 1190 403; baseline 0 -13"><span class='ocrx_word' id='word_1_12' title='bbox 988 349 1190 403; x_wconf 86' lang='grc' dir='ltr'><em>μοῦντας,</em></span> 
     </span>
     <span class='ocr_line' id='line_1_4' title="bbox 278 413 1658 472; baseline 0.003 -15"><span class='ocrx_word' id='word_1_13' title='bbox 278 413 376 465; x_wconf 83' lang='grc' dir='ltr'><em>τούς</em></span> <span class='ocrx_word' id='word_1_14' title='bbox 415 413 470 457; x_wconf 75' lang='grc' dir='ltr'><strong>θ’</strong></span> <span class='ocrx_word' id='word_1_15' title='bbox 499 415 737 472; x_wconf 82' lang='grc' dir='ltr'><em>Ἡρακλέας</em></span> <span class='ocrx_word' id='word_1_16' title='bbox 773 415 872 467; x_wconf 84' lang='grc' dir='ltr'><em>τούς</em></span> <span class='ocrx_word' id='word_1_17' title='bbox 897 415 1143 471; x_wconf 81' lang='grc' dir='ltr'><em>μάττοντας</em></span> <span class='ocrx_word' id='word_1_18' title='bbox 1181 421 1254 461; x_wconf 82' lang='grc' dir='ltr'><strong>καὶ</strong></span> <span class='ocrx_word' id='word_1_19' title='bbox 1290 420 1386 470; x_wconf 81' lang='grc' dir='ltr'><em>τοὺς</em></span> <span class='ocrx_word' id='word_1_20' title='bbox 1424 419 1658 469; x_wconf 64' lang='grc' dir='ltr'><em>πεινῶντας</em></span> 
     </span>
     <span class='ocr_line' id='line_1_5' title="bbox 990 486 1189 540; baseline 0.01 -12"><span class='ocrx_word' id='word_1_21' title='bbox 990 486 1189 540; x_wconf 75' lang='grc' dir='ltr'><strong><em>ἐκείνους,</em></strong></span> 
     </span>
    </p>
   </div>
   <div class='ocr_carea' id='block_1_2' title="bbox 221 552 1659 817">
    <p class='ocr_par' dir='ltr' id='par_1_2' title="bbox 274 552 1658 746">
     <span class='ocr_line' id='line_1_6' title="bbox 275 552 1658 610; baseline 0.002 -15"><span class='ocrx_word' id='word_1_22' title='bbox 275 554 374 602; x_wconf 84' lang='grc' dir='ltr'><em>τοὺς</em></span> <span class='ocrx_word' id='word_1_23' title='bbox 403 552 642 610; x_wconf 64' lang='grc' dir='ltr'><em>φεύγοντας</em></span> <span class='ocrx_word' id='word_1_24' title='bbox 669 552 1009 607; x_wconf 79' lang='grc' dir='ltr'><em>κάξαπατῶντας</em></span> <span class='ocrx_word' id='word_1_25' title='bbox 1047 559 1122 598; x_wconf 88' lang='grc' dir='ltr'><strong>καὶ</strong></span> <span class='ocrx_word' id='word_1_26' title='bbox 1150 557 1438 610; x_wconf 84' lang='grc' dir='ltr'><em>τυπτομένους</em></span> <span class='ocrx_word' id='word_1_27' title='bbox 1466 555 1658 607; x_wconf 75' lang='grc' dir='ltr'><em>ἐπίτηδες</em></span> 
     </span>
     <span class='ocr_line' id='line_1_7' title="bbox 274 621 1604 681; baseline 0.001 -18"><span class='ocrx_word' id='word_1_28' title='bbox 274 621 451 675; x_wconf 76' lang='grc' dir='ltr'><em>ἐξήλασ’</em></span> <span class='ocrx_word' id='word_1_29' title='bbox 484 621 705 678; x_wconf 80' lang='grc' dir='ltr'><em>ἀτιμώσας</em></span> <span class='ocrx_word' id='word_1_30' title='bbox 735 625 901 681; x_wconf 81' lang='grc' dir='ltr'><em>πρῶτος</em></span> <span class='ocrx_word' id='word_1_31' title='bbox 929 628 1004 667; x_wconf 90' lang='grc' dir='ltr'><strong>καὶ</strong></span> <span class='ocrx_word' id='word_1_32' title='bbox 1031 627 1130 675; x_wconf 82' lang='grc' dir='ltr'><em>τοὺς</em></span> <span class='ocrx_word' id='word_1_33' title='bbox 1160 625 1339 676; x_wconf 81' lang='grc' dir='ltr'><em>δούλους</em></span> <span class='ocrx_word' id='word_1_34' title='bbox 1368 625 1604 681; x_wconf 80' lang='grc' dir='ltr'><em>παρέλυσεν</em></span> 
     </span>
     <span class='ocr_line' id='line_1_8' title="bbox 275 690 978 746; baseline 0.004 -12"><span class='ocrx_word' id='word_1_35' title='bbox 275 690 350 746; x_wconf 55' lang='grc' dir='ltr'><em>οὗζς</em></span> <span class='ocrx_word' id='word_1_36' title='bbox 374 693 525 745; x_wconf 72' lang='grc' dir='ltr'><em>ἐξῆγον</em></span> <span class='ocrx_word' id='word_1_37' title='bbox 551 692 764 743; x_wconf 82' lang='grc' dir='ltr'><em>κλάοντας</em></span> <span class='ocrx_word' id='word_1_38' title='bbox 793 693 860 735; x_wconf 72' lang='grc' dir='ltr'><strong>ἀεὶ</strong></span> <span class='ocrx_word' id='word_1_39' title='bbox 889 695 978 738; x_wconf 85' lang='grc' dir='ltr'><em>κτλ.</em></span> 
     </span>
    </p>

    <p class='ocr_par' dir='ltr' id='par_1_3' title="bbox 221 765 1659 817">
     <span class='ocr_line' id='line_1_9' title="bbox 221 765 1659 817; baseline -0.001 -12"><span class='ocrx_word' id='word_1_40' title='bbox 221 777 323 817; x_wconf 87' lang='lat' dir='ltr'><strong>quae</strong></span> <span class='ocrx_word' id='word_1_41' title='bbox 353 767 515 817; x_wconf 89' lang='lat' dir='ltr'><strong>quidem</strong></span> <span class='ocrx_word' id='word_1_42' title='bbox 545 770 730 817; x_wconf 80' lang='lat' dir='ltr'><strong>spectant</strong></span> <span class='ocrx_word' id='word_1_43' title='bbox 759 767 809 805; x_wconf 85' lang='lat' dir='ltr'><strong>ad</strong></span> <span class='ocrx_word' id='word_1_44' title='bbox 840 767 1119 813; x_wconf 85' lang='lat' dir='ltr'><strong>Daetalenses‚</strong></span> <span class='ocrx_word' id='word_1_45' title='bbox 1158 767 1209 806; x_wconf 84' lang='lat' dir='ltr'><strong>de</strong></span> <span class='ocrx_word' id='word_1_46' title='bbox 1246 779 1324 817; x_wconf 88' lang='lat' dir='ltr'><strong>qua</strong></span> <span class='ocrx_word' id='word_1_47' title='bbox 1353 779 1399 805; x_wconf 89' lang='lat' dir='ltr'><strong>re</strong></span> <span class='ocrx_word' id='word_1_48' title='bbox 1427 765 1533 805; x_wconf 79' lang='lat' dir='ltr'><strong>infra</strong></span> <span class='ocrx_word' id='word_1_49' title='bbox 1563 765 1659 812; x_wconf 77' lang='lat' dir='ltr'><strong>dixi,</strong></span> 
     </span>
    </p>
   </div>
   <div class='ocr_carea' id='block_1_3' title="bbox 1708 761 1713 786">
    <p class='ocr_par' dir='ltr' id='par_1_4' title="bbox 1708 761 1713 786">
     <span class='ocr_line' id='line_1_10' title="bbox 1708 761 1713 786; baseline 0 0"><span class='ocrx_word' id='word_1_50' title='bbox 1708 761 1713 786; x_wconf 77' lang='grc' dir='ltr'><em>Ι</em></span> 
     </span>
    </p>
   </div>
   <div class='ocr_carea' id='block_1_4' title="bbox 220 835 1713 887">
    <p class='ocr_par' dir='ltr' id='par_1_5' title="bbox 220 835 1713 887">
     <span class='ocr_line' id='line_1_11' title="bbox 220 835 1713 887; baseline -0.001 -13"><span class='ocrx_word' id='word_1_51' title='bbox 220 837 306 875; x_wconf 88' lang='lat' dir='ltr'><strong>sive</strong></span> <span class='ocrx_word' id='word_1_52' title='bbox 335 836 385 874; x_wconf 84' lang='lat' dir='ltr'><strong>ad</strong></span> <span class='ocrx_word' id='word_1_53' title='bbox 414 835 659 887; x_wconf 81' lang='lat' dir='ltr'><strong>Babylonios</strong></span> <span class='ocrx_word' id='word_1_54' title='bbox 688 835 850 875; x_wconf 82' lang='lat' dir='ltr'><strong>referre</strong></span> <span class='ocrx_word' id='word_1_55' title='bbox 879 837 1009 885; x_wconf 88' lang='lat' dir='ltr'><strong>malis,</strong></span> <span class='ocrx_word' id='word_1_56' title='bbox 1040 839 1152 875; x_wconf 84' lang='lat' dir='ltr'><strong>certe</strong></span> <span class='ocrx_word' id='word_1_57' title='bbox 1179 835 1229 873; x_wconf 86' lang='lat' dir='ltr'><strong>ad</strong></span> <span class='ocrx_word' id='word_1_58' title='bbox 1258 846 1378 874; x_wconf 82' lang='lat' dir='ltr'><strong>unam</strong></span> <span class='ocrx_word' id='word_1_59' title='bbox 1408 835 1581 886; x_wconf 81' lang='lat' dir='ltr'><strong>aliquam</strong></span> <span class='ocrx_word' id='word_1_60' title='bbox 1611 846 1660 873; x_wconf 86' lang='lat' dir='ltr'><strong>ex</strong></span> <span class='ocrx_word' id='word_1_61' title='bbox 1711 867 1713 886; x_wconf 40' lang='grc' dir='ltr'><strong>ἱ</strong></span> 
     </span>
    </p>
   </div>
   <div class='ocr_carea' id='block_1_5' title="bbox 220 903 1665 1927">
    <p class='ocr_par' dir='ltr' id='par_1_6' title="bbox 220 903 1665 1927">
     <span class='ocr_line' id='line_1_12' title="bbox 222 903 1630 956; baseline -0.002 -12"><span class='ocrx_word' id='word_1_62' title='bbox 222 905 393 955; x_wconf 81' lang='lat' dir='ltr'><strong>antiquis</strong></span> <span class='ocrx_word' id='word_1_63' title='bbox 421 905 503 943; x_wconf 89' lang='lat' dir='ltr'><strong>illis</strong></span> <span class='ocrx_word' id='word_1_64' title='bbox 531 904 693 954; x_wconf 83' lang='lat' dir='ltr'><strong>fabulis,</strong></span> <span class='ocrx_word' id='word_1_65' title='bbox 724 917 822 956; x_wconf 75' lang='lat' dir='ltr'><strong>quan</strong></span> <span class='ocrx_word' id='word_1_66' title='bbox 845 906 1101 945; x_wconf 81' lang='lat' dir='ltr'><strong>Callistratus</strong></span> <span class='ocrx_word' id='word_1_67' title='bbox 1131 904 1281 943; x_wconf 82' lang='lat' dir='ltr'><strong>docuit.</strong></span> <span class='ocrx_word' id='word_1_68' title='bbox 1339 904 1445 944; x_wconf 87' lang='lat' dir='ltr'><strong>Tum</strong></span> <span class='ocrx_word' id='word_1_69' title='bbox 1474 903 1630 955; x_wconf 82' lang='lat' dir='ltr'><strong>pergit:</strong></span> 
     </span>
     <span class='ocr_line' id='line_1_13' title="bbox 281 966 1656 1026; baseline -0.001 -14"><span class='ocrx_word' id='word_1_70' title='bbox 281 970 463 1012; x_wconf 82' lang='grc' dir='ltr'><em>’1ὀιαῢτ’</em></span> <span class='ocrx_word' id='word_1_71' title='bbox 500 967 676 1026; x_wconf 73' lang='grc' dir='ltr'><em>ἀφελών</em></span> <span class='ocrx_word' id='word_1_72' title='bbox 710 970 821 1012; x_wconf 81' lang='grc' dir='ltr'><em>κακὰ</em></span> <span class='ocrx_word' id='word_1_73' title='bbox 858 972 933 1013; x_wconf 88' lang='grc' dir='ltr'><strong>καὶ</strong></span> <span class='ocrx_word' id='word_1_74' title='bbox 971 969 1135 1026; x_wconf 82' lang='grc' dir='ltr'><em>φόρτον</em></span> <span class='ocrx_word' id='word_1_75' title='bbox 1177 972 1251 1012; x_wconf 85' lang='grc' dir='ltr'><strong>καὶ</strong></span> <span class='ocrx_word' id='word_1_76' title='bbox 1297 966 1656 1024; x_wconf 75' lang='grc' dir='ltr'><em>βωμολοχεύματ’</em></span> 
     </span>
     <span class='ocr_line' id='line_1_14' title="bbox 985 1038 1143 1094; baseline -0.006 -13"><span class='ocrx_word' id='word_1_77' title='bbox 985 1038 1143 1094; x_wconf 76' lang='grc' dir='ltr'><em>ἀγεννῆ</em></span> 
     </span>
     <span class='ocr_line' id='line_1_15' title="bbox 274 1102 1577 1166; baseline -0.004 -16"><span class='ocrx_word' id='word_1_78' title='bbox 274 1106 449 1160; x_wconf 77' lang='grc' dir='ltr'><em>ἐποίησε</em></span> <span class='ocrx_word' id='word_1_79' title='bbox 478 1109 630 1164; x_wconf 75' lang='grc' dir='ltr'><em>τέχνην</em></span> <span class='ocrx_word' id='word_1_80' title='bbox 654 1106 850 1163; x_wconf 74' lang='grc' dir='ltr'><em>μεγάλην</em></span> <span class='ocrx_word' id='word_1_81' title='bbox 879 1107 981 1166; x_wconf 80' lang='grc' dir='ltr'><em>ὑμῖν</em></span> <span class='ocrx_word' id='word_1_82' title='bbox 1011 1105 1257 1163; x_wconf 75' lang='grc' dir='ltr'><em>κάπύργωσ’</em></span> <span class='ocrx_word' id='word_1_83' title='bbox 1287 1102 1577 1160; x_wconf 81' lang='grc' dir='ltr'><em>οἰκοδομήσας</em></span> 
     </span>
     <span class='ocr_line' id='line_1_16' title="bbox 278 1170 1660 1232; baseline -0.007 -10"><span class='ocrx_word' id='word_1_84' title='bbox 278 1178 424 1222; x_wconf 82' lang='grc' dir='ltr'><em>ἔπεσιν</em></span> <span class='ocrx_word' id='word_1_85' title='bbox 453 1177 654 1232; x_wconf 72' lang='grc' dir='ltr'><em>μεγάλοις</em></span> <span class='ocrx_word' id='word_1_86' title='bbox 683 1180 758 1220; x_wconf 87' lang='grc' dir='ltr'><strong>καὶ</strong></span> <span class='ocrx_word' id='word_1_87' title='bbox 791 1178 1010 1227; x_wconf 81' lang='grc' dir='ltr'><em>διανοίαις</em></span> <span class='ocrx_word' id='word_1_88' title='bbox 1047 1179 1121 1219; x_wconf 90' lang='grc' dir='ltr'><strong>καὶ</strong></span> <span class='ocrx_word' id='word_1_89' title='bbox 1160 1173 1417 1230; x_wconf 82' lang='grc' dir='ltr'><em>σκώμμασιν</em></span> <span class='ocrx_word' id='word_1_90' title='bbox 1450 1171 1529 1226; x_wconf 77' lang='grc' dir='ltr'><strong>οὐκ</strong></span> <span class='ocrx_word' id='word_1_91' title='bbox 1557 1170 1660 1227; x_wconf 75' lang='grc' dir='ltr'><em>ἀγο-</em></span> 
     </span>
     <span class='ocr_line' id='line_1_17' title="bbox 985 1246 1138 1301; baseline -0.007 -14"><span class='ocrx_word' id='word_1_92' title='bbox 985 1246 1138 1301; x_wconf 85' lang='grc' dir='ltr'><em>ραίοις,</em></span> 
     </span>
     <span class='ocr_line' id='line_1_18' title="bbox 275 1310 1539 1372; baseline -0.005 -14"><span class='ocrx_word' id='word_1_93' title='bbox 275 1313 354 1358; x_wconf 76' lang='grc' dir='ltr'><strong>οὐκ</strong></span> <span class='ocrx_word' id='word_1_94' title='bbox 380 1312 555 1365; x_wconf 84' lang='grc' dir='ltr'><em>ἰδιώτας</em></span> <span class='ocrx_word' id='word_1_95' title='bbox 583 1313 920 1370; x_wconf 76' lang='grc' dir='ltr'><em>ἀνθρωπίσκους</em></span> <span class='ocrx_word' id='word_1_96' title='bbox 948 1315 1165 1372; x_wconf 72' lang='grc' dir='ltr'><em>κωμῳδῶν</em></span> <span class='ocrx_word' id='word_1_97' title='bbox 1193 1310 1293 1355; x_wconf 77' lang='grc' dir='ltr'><em>οὐδὲ</em></span> <span class='ocrx_word' id='word_1_98' title='bbox 1322 1314 1539 1367; x_wconf 75' lang='grc' dir='ltr'><em>γυναῖκας,</em></span> 
     </span>
     <span class='ocr_line' id='line_1_19' title="bbox 276 1383 1203 1441; baseline -0.001 -14"><span class='ocrx_word' id='word_1_99' title='bbox 276 1383 376 1427; x_wconf 78' lang='grc' dir='ltr'><em>ἀλλ’</em></span> <span class='ocrx_word' id='word_1_100' title='bbox 404 1383 676 1441; x_wconf 57' lang='grc' dir='ltr'><strong>τΗρακλέους</strong></span> <span class='ocrx_word' id='word_1_101' title='bbox 704 1383 838 1440; x_wconf 77' lang='grc' dir='ltr'><em>ὀργήν</em></span> <span class='ocrx_word' id='word_1_102' title='bbox 866 1383 952 1426; x_wconf 82' lang='grc' dir='ltr'><em>τιν’</em></span> <span class='ocrx_word' id='word_1_103' title='bbox 981 1383 1087 1439; x_wconf 83' lang='grc' dir='ltr'><em>ἔχων</em></span> <span class='ocrx_word' id='word_1_104' title='bbox 1115 1384 1203 1426; x_wconf 90' lang='grc' dir='ltr'><em>κτλ.</em></span> 
     </span>
     <span class='ocr_line' id='line_1_20' title="bbox 220 1452 1660 1510; baseline -0.005 -12"><span class='ocrx_word' id='word_1_105' title='bbox 220 1458 429 1498; x_wconf 79' lang='lat' dir='ltr'><strong>contendit</strong></span> <span class='ocrx_word' id='word_1_106' title='bbox 469 1458 577 1498; x_wconf 90' lang='lat' dir='ltr'><strong>enim</strong></span> <span class='ocrx_word' id='word_1_107' title='bbox 607 1470 653 1497; x_wconf 92' lang='lat' dir='ltr'><strong>se</strong></span> <span class='ocrx_word' id='word_1_108' title='bbox 681 1470 844 1508; x_wconf 88' lang='lat' dir='ltr'><strong>semper</strong></span> <span class='ocrx_word' id='word_1_109' title='bbox 872 1470 1062 1510; x_wconf 81' lang='lat' dir='ltr'><strong>magnum</strong></span> <span class='ocrx_word' id='word_1_110' title='bbox 1092 1455 1244 1508; x_wconf 83' lang='lat' dir='ltr'><strong>aliquid</strong></span> <span class='ocrx_word' id='word_1_111' title='bbox 1280 1454 1357 1493; x_wconf 80' lang='lat' dir='ltr'><strong>sibi</strong></span> <span class='ocrx_word' id='word_1_112' title='bbox 1386 1452 1660 1505; x_wconf 80' lang='lat' dir='ltr'><strong>proposuisse,</strong></span> 
     </span>
     <span class='ocr_line' id='line_1_21' title="bbox 221 1521 1661 1581; baseline -0.006 -14"><span class='ocrx_word' id='word_1_113' title='bbox 221 1529 560 1581; x_wconf 71' lang='lat' dir='ltr'><strong>gravissimosque</strong></span> <span class='ocrx_word' id='word_1_114' title='bbox 589 1527 695 1567; x_wconf 85' lang='lat' dir='ltr'><strong>viros</strong></span> <span class='ocrx_word' id='word_1_115' title='bbox 724 1526 965 1566; x_wconf 82' lang='lat' dir='ltr'><strong>insectatum</strong></span> <span class='ocrx_word' id='word_1_116' title='bbox 996 1539 1103 1574; x_wconf 83' lang='lat' dir='ltr'><strong>esse,</strong></span> <span class='ocrx_word' id='word_1_117' title='bbox 1128 1525 1240 1566; x_wconf 65' lang='lat' dir='ltr'><strong>Velut</strong></span> <span class='ocrx_word' id='word_1_118' title='bbox 1253 1524 1448 1564; x_wconf 83' lang='lat' dir='ltr'><strong>Cleonem</strong></span> <span class='ocrx_word' id='word_1_119' title='bbox 1477 1523 1519 1561; x_wconf 90' lang='lat' dir='ltr'><strong>in</strong></span> <span class='ocrx_word' id='word_1_120' title='bbox 1536 1521 1661 1572; x_wconf 86' lang='lat' dir='ltr'><strong>Equi-</strong></span> 
     </span>
     <span class='ocr_line' id='line_1_22' title="bbox 221 1590 1661 1645; baseline -0.008 -6"><span class='ocrx_word' id='word_1_121' title='bbox 221 1601 350 1645; x_wconf 81' lang='lat' dir='ltr'><strong>tibus:</strong></span> <span class='ocrx_word' id='word_1_122' title='bbox 389 1599 516 1638; x_wconf 86' lang='lat' dir='ltr'><strong>utitur</strong></span> <span class='ocrx_word' id='word_1_123' title='bbox 553 1601 687 1635; x_wconf 80' lang='lat' dir='ltr'><strong>autem</strong></span> <span class='ocrx_word' id='word_1_124' title='bbox 727 1609 807 1636; x_wconf 91' lang='lat' dir='ltr'><strong>non</strong></span> <span class='ocrx_word' id='word_1_125' title='bbox 838 1596 968 1635; x_wconf 91' lang='lat' dir='ltr'><strong>solum</strong></span> <span class='ocrx_word' id='word_1_126' title='bbox 997 1596 1141 1636; x_wconf 87' lang='lat' dir='ltr'><strong>eadem</strong></span> <span class='ocrx_word' id='word_1_127' title='bbox 1170 1593 1391 1640; x_wconf 86' lang='lat' dir='ltr'><strong>sententia,</strong></span> <span class='ocrx_word' id='word_1_128' title='bbox 1430 1590 1504 1630; x_wconf 87' lang='lat' dir='ltr'><strong>sed</strong></span> <span class='ocrx_word' id='word_1_129' title='bbox 1540 1591 1661 1628; x_wconf 85' lang='lat' dir='ltr'><strong>etiam</strong></span> 
     </span>
     <span class='ocr_line' id='line_1_23' title="bbox 220 1661 1662 1720; baseline -0.009 -11"><span class='ocrx_word' id='word_1_130' title='bbox 220 1670 364 1710; x_wconf 84' lang='lat' dir='ltr'><strong>iisdem</strong></span> <span class='ocrx_word' id='word_1_131' title='bbox 394 1668 515 1720; x_wconf 85' lang='lat' dir='ltr'><strong>plane</strong></span> <span class='ocrx_word' id='word_1_132' title='bbox 554 1666 712 1713; x_wconf 85' lang='lat' dir='ltr'><strong>verbis,</strong></span> <span class='ocrx_word' id='word_1_133' title='bbox 754 1678 857 1716; x_wconf 89' lang='lat' dir='ltr'><strong>quae</strong></span> <span class='ocrx_word' id='word_1_134' title='bbox 888 1666 1107 1717; x_wconf 80' lang='lat' dir='ltr'><strong>scripserat</strong></span> <span class='ocrx_word' id='word_1_135' title='bbox 1134 1664 1175 1703; x_wconf 91' lang='lat' dir='ltr'><strong>in</strong></span> <span class='ocrx_word' id='word_1_136' title='bbox 1205 1661 1390 1714; x_wconf 85' lang='lat' dir='ltr'><strong>parabasi</strong></span> <span class='ocrx_word' id='word_1_137' title='bbox 1422 1661 1662 1710; x_wconf 85' lang='lat' dir='ltr'><strong>Vesparum,</strong></span> 
     </span>
     <span class='ocr_line' id='line_1_24' title="bbox 220 1727 1663 1791; baseline -0.01 -13"><span class='ocrx_word' id='word_1_138' title='bbox 220 1751 340 1791; x_wconf 87' lang='lat' dir='ltr'><strong>quam</strong></span> <span class='ocrx_word' id='word_1_139' title='bbox 380 1736 558 1776; x_wconf 85' lang='lat' dir='ltr'><strong>fabulam</strong></span> <span class='ocrx_word' id='word_1_140' title='bbox 597 1748 671 1787; x_wconf 87' lang='lat' dir='ltr'><strong>per</strong></span> <span class='ocrx_word' id='word_1_141' title='bbox 712 1735 971 1774; x_wconf 86' lang='lat' dir='ltr'><strong>Philonidem</strong></span> <span class='ocrx_word' id='word_1_142' title='bbox 1008 1733 1203 1773; x_wconf 80' lang='lat' dir='ltr'><strong>exhibuit.</strong></span> <span class='ocrx_word' id='word_1_143' title='bbox 1276 1730 1462 1781; x_wconf 87' lang='lat' dir='ltr'><strong>Denique</strong></span> <span class='ocrx_word' id='word_1_144' title='bbox 1506 1728 1547 1766; x_wconf 90' lang='lat' dir='ltr'><strong>in</strong></span> <span class='ocrx_word' id='word_1_145' title='bbox 1581 1727 1663 1765; x_wconf 88' lang='lat' dir='ltr'><strong>fine</strong></span> 
     </span>
     <span class='ocr_line' id='line_1_25' title="bbox 222 1805 813 1862; baseline -0.007 -15"><span class='ocrx_word' id='word_1_146' title='bbox 222 1807 425 1862; x_wconf 83' lang='lat' dir='ltr'><strong>parabasis</strong></span> <span class='ocrx_word' id='word_1_147' title='bbox 454 1805 631 1857; x_wconf 82' lang='lat' dir='ltr'><strong>Eupolin</strong></span> <span class='ocrx_word' id='word_1_148' title='bbox 662 1805 813 1856; x_wconf 76' lang='lat' dir='ltr'><strong>tangit:</strong></span> 
     </span>
     <span class='ocr_line' id='line_1_26' title="bbox 285 1860 1665 1927; baseline -0.01 -12"><span class='ocrx_word' id='word_1_149' title='bbox 285 1875 372 1917; x_wconf 89' lang='grc' dir='ltr'><strong>Καὶ</strong></span> <span class='ocrx_word' id='word_1_150' title='bbox 413 1870 494 1926; x_wconf 79' lang='grc' dir='ltr'><strong>γὰρ</strong></span> <span class='ocrx_word' id='word_1_151' title='bbox 531 1870 739 1927; x_wconf 74' lang='grc' dir='ltr'><em>πρότερον</em></span> <span class='ocrx_word' id='word_1_152' title='bbox 773 1867 939 1926; x_wconf 78' lang='grc' dir='ltr'><em>πράξας</em></span> <span class='ocrx_word' id='word_1_153' title='bbox 972 1865 1082 1910; x_wconf 83' lang='grc' dir='ltr'><em>κατὰ</em></span> <span class='ocrx_word' id='word_1_154' title='bbox 1118 1865 1222 1907; x_wconf 83' lang='grc' dir='ltr'><em>νοῦν</em></span> <span class='ocrx_word' id='word_1_155' title='bbox 1261 1863 1354 1919; x_wconf 84' lang='grc' dir='ltr'><em>οὐχὶ</em></span> <span class='ocrx_word' id='word_1_156' title='bbox 1393 1860 1665 1918; x_wconf 80' lang='grc' dir='ltr'><em>παλαίστρας</em></span> 
     </span>
    </p>
   </div>
   <div class='ocr_carea' id='block_1_6' title="bbox 278 1934 1667 2254">
    <p class='ocr_par' dir='ltr' id='par_1_7' title="bbox 989 1934 1255 1991">
     <span class='ocr_line' id='line_1_27' title="bbox 989 1934 1255 1991; baseline -0.015 -13"><span class='ocrx_word' id='word_1_157' title='bbox 989 1934 1255 1991; x_wconf 76' lang='grc' dir='ltr'><em>περινοστῶν</em></span> 
     </span>
    </p>

    <p class='ocr_par' dir='ltr' id='par_1_8' title="bbox 278 1994 1664 2131">
     <span class='ocr_line' id='line_1_28' title="bbox 278 1994 1664 2065; baseline -0.01 -12"><span class='ocrx_word' id='word_1_158' title='bbox 278 2009 439 2059; x_wconf 85' lang='grc' dir='ltr'><em>παῖδας</em></span> <span class='ocrx_word' id='word_1_159' title='bbox 475 2006 679 2063; x_wconf 75' lang='grc' dir='ltr'><em>ἐπείρων,</em></span> <span class='ocrx_word' id='word_1_160' title='bbox 717 2006 816 2050; x_wconf 77' lang='grc' dir='ltr'><em>ἀλλ’</em></span> <span class='ocrx_word' id='word_1_161' title='bbox 850 2006 1062 2065; x_wconf 77' lang='grc' dir='ltr'><em>ἀράμενος</em></span> <span class='ocrx_word' id='word_1_162' title='bbox 1101 2003 1182 2055; x_wconf 86' lang='grc' dir='ltr'><strong>τὴν</strong></span> <span class='ocrx_word' id='word_1_163' title='bbox 1210 2001 1365 2053; x_wconf 79' lang='grc' dir='ltr'><em>σκευὴν</em></span> <span class='ocrx_word' id='word_1_164' title='bbox 1397 1998 1535 2049; x_wconf 73' lang='grc' dir='ltr'><em>εὐθὺς</em></span> <span class='ocrx_word' id='word_1_165' title='bbox 1563 1994 1664 2054; x_wconf 76' lang='grc' dir='ltr'><em>ἔχω’-</em></span> 
     </span>
     <span class='ocr_line' id='line_1_29' title="bbox 991 2088 1107 2131; baseline -0.017 -14"><span class='ocrx_word' id='word_1_166' title='bbox 991 2088 1107 2131; x_wconf 88' lang='grc' dir='ltr'><em>ρουν,</em></span> 
     </span>
    </p>

    <p class='ocr_par' dir='ltr' id='par_1_9' title="bbox 280 2135 1667 2254">
     <span class='ocr_line' id='line_1_30' title="bbox 280 2135 1667 2204; baseline -0.011 -13"><span class='ocrx_word' id='word_1_167' title='bbox 280 2144 412 2204; x_wconf 71' lang='grc' dir='ltr'><em>παῦρ’</em></span> <span class='ocrx_word' id='word_1_168' title='bbox 444 2143 645 2195; x_wconf 79' lang='grc' dir='ltr'><em>ἀνιάσας,</em></span> <span class='ocrx_word' id='word_1_169' title='bbox 690 2144 819 2187; x_wconf 82' lang='grc' dir='ltr'><em>πόλλ’</em></span> <span class='ocrx_word' id='word_1_170' title='bbox 859 2143 1103 2200; x_wconf 79' lang='grc' dir='ltr'><em>εὐφράνας,</em></span> <span class='ocrx_word' id='word_1_171' title='bbox 1147 2139 1291 2184; x_wconf 82' lang='grc' dir='ltr'><em>πάντα</em></span> <span class='ocrx_word' id='word_1_172' title='bbox 1334 2136 1571 2196; x_wconf 81' lang='grc' dir='ltr'><em>παρασχών</em></span> <span class='ocrx_word' id='word_1_173' title='bbox 1613 2135 1667 2177; x_wconf 80' lang='grc' dir='ltr'><strong>τὰ</strong></span> 
     </span>
     <span class='ocr_line' id='line_1_31' title="bbox 995 2214 1164 2254; baseline -0.012 0"><span class='ocrx_word' id='word_1_174' title='bbox 995 2214 1164 2254; x_wconf 83' lang='grc' dir='ltr'><em>δέοντα.</em></span> 
     </span>
    </p>
   </div>
   <div class='ocr_carea' id='block_1_7' title="bbox 226 2279 1669 2616">
    <p class='ocr_par' dir='ltr' id='par_1_10' title="bbox 226 2279 1668 2479">
     <span class='ocr_line' id='line_1_32' title="bbox 226 2279 1666 2341; baseline -0.009 -11"><span class='ocrx_word' id='word_1_175' title='bbox 226 2292 360 2341; x_wconf 83' lang='lat' dir='ltr'><strong>Atque</strong></span> <span class='ocrx_word' id='word_1_176' title='bbox 395 2288 437 2328; x_wconf 84' lang='lat' dir='ltr'><strong>in</strong></span> <span class='ocrx_word' id='word_1_177' title='bbox 474 2286 644 2326; x_wconf 84' lang='lat' dir='ltr'><strong>eandem</strong></span> <span class='ocrx_word' id='word_1_178' title='bbox 684 2298 851 2338; x_wconf 79' lang='lat' dir='ltr'><strong>prorsus</strong></span> <span class='ocrx_word' id='word_1_179' title='bbox 884 2286 1131 2326; x_wconf 78' lang='lat' dir='ltr'><strong>sententiam</strong></span> <span class='ocrx_word' id='word_1_180' title='bbox 1171 2282 1445 2334; x_wconf 74' lang='lat' dir='ltr'><strong>disputaverat</strong></span> <span class='ocrx_word' id='word_1_181' title='bbox 1478 2279 1522 2318; x_wconf 88' lang='lat' dir='ltr'><strong>in</strong></span> <span class='ocrx_word' id='word_1_182' title='bbox 1551 2289 1666 2330; x_wconf 82' lang='lat' dir='ltr'><strong>para-</strong></span> 
     </span>
     <span class='ocr_line' id='line_1_33' title="bbox 227 2346 1668 2409; baseline -0.01 -10"><span class='ocrx_word' id='word_1_183' title='bbox 227 2359 332 2400; x_wconf 87' lang='lat' dir='ltr'><strong>basis</strong></span> <span class='ocrx_word' id='word_1_184' title='bbox 368 2357 593 2409; x_wconf 76' lang='lat' dir='ltr'><strong>vesparum</strong></span> <span class='ocrx_word' id='word_1_185' title='bbox 629 2356 743 2395; x_wconf 73' lang='lat' dir='ltr'><strong>initio</strong></span> <span class='ocrx_word' id='word_1_186' title='bbox 781 2356 822 2395; x_wconf 86' lang='lat' dir='ltr'><strong>h.</strong></span> <span class='ocrx_word' id='word_1_187' title='bbox 849 2369 889 2396; x_wconf 82' lang='lat' dir='ltr'><strong>e.</strong></span> <span class='ocrx_word' id='word_1_188' title='bbox 928 2356 970 2395; x_wconf 91' lang='lat' dir='ltr'><strong>in</strong></span> <span class='ocrx_word' id='word_1_189' title='bbox 1010 2368 1059 2395; x_wconf 86' lang='lat' dir='ltr'><strong>ea</strong></span> <span class='ocrx_word' id='word_1_190' title='bbox 1094 2353 1259 2402; x_wconf 77' lang='lat' dir='ltr'><strong>fabula,</strong></span> <span class='ocrx_word' id='word_1_191' title='bbox 1299 2362 1405 2403; x_wconf 80' lang='lat' dir='ltr'><strong>quae</strong></span> <span class='ocrx_word' id='word_1_192' title='bbox 1438 2346 1668 2390; x_wconf 79' lang='lat' dir='ltr'><strong>Philonidis</strong></span> 
     </span>
     <span class='ocr_line' id='line_1_34' title="bbox 228 2426 711 2479; baseline -0.012 -9"><span class='ocrx_word' id='word_1_193' title='bbox 228 2440 376 2470; x_wconf 86' lang='lat' dir='ltr'><strong>nomen</strong></span> <span class='ocrx_word' id='word_1_194' title='bbox 402 2439 500 2479; x_wconf 85' lang='lat' dir='ltr'><strong>prae</strong></span> <span class='ocrx_word' id='word_1_195' title='bbox 530 2439 576 2465; x_wconf 84' lang='lat' dir='ltr'><strong>se</strong></span> <span class='ocrx_word' id='word_1_196' title='bbox 604 2426 711 2465; x_wconf 77' lang='lat' dir='ltr'><strong>tulit.</strong></span> 
     </span>
    </p>

    <p class='ocr_par' dir='ltr' id='par_1_11' title="bbox 230 2487 1669 2616">
     <span class='ocr_line' id='line_1_35' title="bbox 338 2487 1668 2545; baseline -0.012 -9"><span class='ocrx_word' id='word_1_197' title='bbox 338 2496 663 2536; x_wconf 75' lang='lat' dir='ltr'><strong>Examinavimus</strong></span> <span class='ocrx_word' id='word_1_198' title='bbox 699 2506 841 2534; x_wconf 87' lang='lat' dir='ltr'><strong>omnes</strong></span> <span class='ocrx_word' id='word_1_199' title='bbox 869 2493 1255 2545; x_wconf 73' lang='lat' dir='ltr'><strong>Aristophanem-um</strong></span> <span class='ocrx_word' id='word_1_200' title='bbox 1296 2487 1523 2529; x_wconf 78' lang='lat' dir='ltr'><strong>fabularum</strong></span> <span class='ocrx_word' id='word_1_201' title='bbox 1550 2495 1668 2535; x_wconf 80' lang='lat' dir='ltr'><strong>para-</strong></span> 
     </span>
     <span class='ocr_line' id='line_1_36' title="bbox 230 2552 1669 2616; baseline -0.008 -11"><span class='ocrx_word' id='word_1_202' title='bbox 230 2566 367 2614; x_wconf 80' lang='lat' dir='ltr'><strong>bases,</strong></span> <span class='ocrx_word' id='word_1_203' title='bbox 401 2566 444 2605; x_wconf 91' lang='lat' dir='ltr'><strong>in</strong></span> <span class='ocrx_word' id='word_1_204' title='bbox 476 2565 621 2616; x_wconf 84' lang='lat' dir='ltr'><strong>quibus</strong></span> <span class='ocrx_word' id='word_1_205' title='bbox 662 2563 814 2615; x_wconf 88' lang='lat' dir='ltr'><strong>aliquid</strong></span> <span class='ocrx_word' id='word_1_206' title='bbox 843 2563 1009 2615; x_wconf 78' lang='lat' dir='ltr'><strong>legitur,</strong></span> <span class='ocrx_word' id='word_1_207' title='bbox 1040 2561 1149 2613; x_wconf 79' lang='lat' dir='ltr'><strong>quod</strong></span> <span class='ocrx_word' id='word_1_208' title='bbox 1178 2560 1229 2600; x_wconf 86' lang='lat' dir='ltr'><strong>ad</strong></span> <span class='ocrx_word' id='word_1_209' title='bbox 1257 2560 1362 2599; x_wconf 85' lang='lat' dir='ltr'><strong>hanc</strong></span> <span class='ocrx_word' id='word_1_210' title='bbox 1391 2552 1669 2607; x_wconf 79' lang='lat' dir='ltr'><strong>quaestionem</strong></span> 
     </span>
    </p>
   </div>
   <div class='ocr_carea' id='block_1_8' title="bbox 230 2622 1715 2686">
    <p class='ocr_par' dir='ltr' id='par_1_12' title="bbox 230 2622 1715 2686">
     <span class='ocr_line' id='line_1_37' title="bbox 230 2622 1715 2686; baseline -0.009 -14"><span class='ocrx_word' id='word_1_211' title='bbox 230 2634 430 2686; x_wconf 84' lang='lat' dir='ltr'><strong>pertinet,</strong></span> <span class='ocrx_word' id='word_1_212' title='bbox 459 2637 623 2685; x_wconf 83' lang='lat' dir='ltr'><strong>praeter</strong></span> <span class='ocrx_word' id='word_1_213' title='bbox 651 2633 955 2680; x_wconf 84' lang='lat' dir='ltr'><strong>Acharnenses,</strong></span> <span class='ocrx_word' id='word_1_214' title='bbox 984 2643 1104 2682; x_wconf 88' lang='lat' dir='ltr'><strong>quam</strong></span> <span class='ocrx_word' id='word_1_215' title='bbox 1132 2628 1308 2670; x_wconf 79' lang='lat' dir='ltr'><strong>fabulam</strong></span> <span class='ocrx_word' id='word_1_216' title='bbox 1338 2622 1523 2665; x_wconf 85' lang='lat' dir='ltr'><strong>consulto</strong></span> <span class='ocrx_word' id='word_1_217' title='bbox 1552 2632 1670 2672; x_wconf 60' lang='lat' dir='ltr'><strong>praev</strong></span> <span class='ocrx_word' id='word_1_218' title='bbox 1714 2627 1715 2630; x_wconf 75' lang='grc'>’</span> 
     </span>
    </p>
   </div>
   <div class='ocr_carea' id='block_1_9' title="bbox 232 2689 1669 2755">
    <p class='ocr_par' dir='ltr' id='par_1_13' title="bbox 232 2689 1669 2755">
     <span class='ocr_line' id='line_1_38' title="bbox 232 2689 1669 2755; baseline -0.01 -12"><span class='ocrx_word' id='word_1_219' title='bbox 232 2702 401 2744; x_wconf 85' lang='lat' dir='ltr'><strong>termisi.</strong></span> <span class='ocrx_word' id='word_1_220' title='bbox 458 2702 541 2742; x_wconf 86' lang='lat' dir='ltr'><strong>Iam</strong></span> <span class='ocrx_word' id='word_1_221' title='bbox 570 2715 667 2744; x_wconf 80' lang='lat' dir='ltr'><strong>vero</strong></span> <span class='ocrx_word' id='word_1_222' title='bbox 697 2703 777 2743; x_wconf 84' lang='lat' dir='ltr'><strong>hoc</strong></span> <span class='ocrx_word' id='word_1_223' title='bbox 804 2701 958 2755; x_wconf 87' lang='lat' dir='ltr'><strong>liquido</strong></span> <span class='ocrx_word' id='word_1_224' title='bbox 987 2700 1216 2753; x_wconf 81' lang='lat' dir='ltr'><strong>colligimus</strong></span> <span class='ocrx_word' id='word_1_225' title='bbox 1245 2708 1294 2737; x_wconf 84' lang='lat' dir='ltr'><strong>ex</strong></span> <span class='ocrx_word' id='word_1_226' title='bbox 1322 2692 1507 2747; x_wconf 69' lang='lat' dir='ltr'><strong>pan-abasi</strong></span> <span class='ocrx_word' id='word_1_227' title='bbox 1544 2689 1669 2741; x_wconf 83' lang='lat' dir='ltr'><strong>Equi-</strong></span> 
     </span>
    </p>
   </div>
  </div>
 </body>
</html>
