1716 3164
1452 106 1563 159 1283

90 215 223 268 πολὺς
251 219 320 275 ῥεῖ
343 221 468 261 1⁰06.
1386 203 1389 206 ’

87 291 339 344 Porphyrius
370 290 531 331 emend.
562 291 629 330 91.

0 388 1 395 1
85 359 248 401 ποσσὶν
276 374 351 414 pro
382 359 516 401 ποσὶν
543 361 585 401 in
614 362 845 414 anapaesti·
875 363 943 403 77.

83 428 283 479 Ποτιδᾶς
313 436 354 472 et
384 426 586 478 Ποτίδας
613 431 711 472 483.

85 498 360 552 Πουλυτίων,
392 515 472 543 non
504 496 740 540 Πολυτίων
768 502 865 542 278.

86 572 320 626 Pulytionis
350 572 474 612 aedes
504 572 600 612 278.

84 640 225 689 πῶλος
254 642 307 683 de
337 640 645 682 adolescentulo
676 642 744 681 69.

84 713 376 754 Praenestinae
407 713 535 753 cistae
565 710 783 764 explicatio
815 712 939 752 1045.

81 780 249 838 πρᾳὲως
278 783 375 823 748.

82 850 219 907 πριιὺν
246 866 344 894 num
374 852 493 893 faber
522 852 720 905 lignarius
750 851 909 892 dicatur
938 851 1036 892 205.

80 920 284 978 προαγών
316 924 439 963 1137.

80 991 254 1047 προβᾶν
283 994 310 1034 i.
340 1006 379 1046 q.
411 989 670 1047 προβαίνειν
700 990 808 1045 apud
841 991 1053 1032 Cratinum
1083 993 1152 1034 78.
1183 994 1252 1034 89.

79 1060 343 1116 προβατικὸς
367 1060 496 1117 χορὸς
524 1064 622 1104 427.

81 1135 280 1175 Prodicus
308 1135 433 1175 1149.

81 1200 288 1259 προδόσει
317 1201 459 1244 πίνειν
490 1201 602 1259 (auf
623 1206 744 1256 Borg
774 1198 969 1255 trinken)
1000 1159 1099 1241 415.

79 1270 287 1331 πρόδοσις
317 1273 596 1330 (Vorschms)
628 1277 727 1316 416.

81 1342 249 1400 πρόμος
278 1347 387 1399 apud
417 1347 630 1388 Cratinum
660 1347 729 1387 16.

79 1417 310 1458 Pronomus
339 1418 520 1459 musicus
549 1417 774 1459 Aicibiadis
804 1418 1000 1471 magister
1029 1417 1127 1458 431.

77 1485 325 1541 πρωπέρυσι
354 1489 452 1529 360.

77 1553 184 1611 πρὸς
213 1558 504 1598 adverbialiter
534 1559 643 1612 apud
674 1559 855 1599 comicos
885 1559 984 1599 710.

76 1624 432 1682 προσκεφάλαιον
461 1629 648 1682 pulvinar
677 1630 880 1683 remigum
913 1630 1010 1670 170.

80 1694 314 1752 πρόσωπος
343 1694 367 1738 ὁ
398 1700 494 1740 691.

74 1767 395 1823 προσωποῦττα
425 1770 565 1823 phiala
593 1771 663 1809 51.

74 1842 321 1895 protenthae
349 1840 457 1894 apud
489 1840 754 1881 Atheniensis
783 1841 881 1882 859.

73 1910 405 1968 προφορεῖσθαι
433 1911 473 1951 in
505 1913 667 1951 textura
695 1911 793 1952 738.

73 1977 389 2035 ψαμμακόσιος
419 1981 516 2022 543.

73 2049 224 2104 ψῆττα
256 2053 480 2094 Glaucetae
511 2062 741 2103 cognomen
772 2050 867 2091 652.

73 2119 227 2175 ψῆφος
257 2123 309 2163 de
339 2123 431 2162 loco
462 2122 533 2161 ubi
565 2120 763 2173 suffragia
793 2122 943 2163 dantur
973 2123 1043 2163 19.

73 2188 226 2244 ψῆφος
254 2187 355 2237 Διὸς
386 2193 501 2231 locus
532 2190 698 2241 quidam
730 2190 904 2231 Athenis
936 2192 1005 2231 19.

73 2257 183 2314 ’ψιλὴ
213 2258 268 2312 γῆ
296 2260 393 2300 509.

74 2330 202 2383 Psyra
230 2331 364 2371 insula
393 2331 492 2370 208.

72 2394 196 2453 ψὺρα
225 2397 440 2440 Διόνυσον
467 2394 645 2451 ἄγοντες
676 2402 939 2453 proverbium
970 2402 1067 2442 208.

72 2465 230 2523 πτερὸν
258 2484 282 2511 a
309 2471 522 2511 vomituris
552 2469 781 2511 adhibitum
812 2472 909 2513 165.

71 2535 232 2592 πτερὸν
261 2540 314 2580 de
343 2539 582 2581 umbraculo
611 2540 709 2579 786.

70 2610 257 2663 ptisanae
287 2622 434 2650 succus
463 2610 561 2650 211.

7 2688 17 2696 ”
72 2673 281 2732 πτύσχλοι
311 2692 389 2733 pro
419 2676 651 2732 ἕπτυσχλοι
681 2678 780 2719 412.

1172 2749 1279 2789 81*
