1716 3164
229 191 313 241 ms
722 184 1161 237 ARISTOPHANES.

227 305 372 356 poetas
398 302 528 342 multa
554 302 638 342 risu
668 300 790 356 digna
818 307 860 343 et
887 303 1021 344 faceta
1048 305 1090 344 in
1114 304 1290 347 medium
1312 309 1543 360 protulisse,
1573 323 1667 363 per-

228 368 332 412 tinet
360 371 410 411 ad
437 370 528 411 illas
556 371 737 422 fabulas,
775 386 874 426 quas
915 374 1072 414 iuvenis
1101 374 1262 426 scripsit
1291 382 1331 417 et
1360 391 1432 431 per
1462 380 1669 421 Callistra-
1704 379 1706 382 ’

226 442 312 481 tum
340 439 503 490 docuit,
541 441 801 483 Daetalenses
829 444 1022 492 maxime,
1061 443 1305 496 Babylonios
1323 475 1335 495 ‚
1364 449 1668 490 Acharnenses:

227 510 337 562 quod
364 509 462 550 dicit
491 515 633 563 postea
663 525 708 552 ae
736 513 869 565 ipsum
890 513 1117 565 periculum
1146 513 1309 554 fabulae
1337 516 1544 557 docendae
1574 520 1669 558 sub-

227 575 339 629 iisse,
369 579 729 631 (quemadmodum
758 593 879 634 supra
909 582 949 622 in
979 582 1195 633 Equitibus
1225 584 1344 624 dixit:
1380 580 1437 631 ὡς
1464 580 1559 637 οὐχὶ
1587 581 1670 625 πά-

227 645 305 687 λαι
329 646 465 702 χορὸν
491 642 636 699 αἰτοίη
666 645 778 690 καθ’
797 647 971 702 ἑαυτὸν)
1001 663 1135 703 neque
1154 656 1288 694 tamen
1317 655 1359 693 in
1390 667 1438 695 ea
1465 668 1512 694 re
1540 655 1672 695 aliena

226 727 309 770 ope
336 716 519 758 adiutum
548 731 664 768 esse,
700 721 869 772 Equites
897 721 1111 773 intelligit,
1148 734 1267 773 quam
1297 724 1549 764 comoediam
1579 736 1670 763 cum

225 787 378 837 docuit,
407 800 504 828 sane
532 787 574 828 in
593 788 705 840 gravi
726 793 909 830 versatus
939 794 1002 830 est
1031 791 1274 840 discrimine,
1303 793 1377 832 sed
1404 795 1575 833 maxima
1604 805 1671 832 or-
1707 804 1714 835 ‚³2

226 860 345 897 natus
373 857 495 896 laude
523 857 654 897 victor
682 858 888 899 discessit:
926 859 1127 900 criminati
1154 867 1290 901 tamen
1320 866 1415 902 sunt
1438 862 1671 910 adversarii,

226 922 541 978 Aristophanem
578 927 753 979 plurima
789 929 984 980 Eupolidi
1023 929 1193 979 debere,
1230 930 1403 983 ipseque
1431 933 1601 985 Eupolis
1629 932 1671 972 iu
1712 920 1713 926 ¹

228 994 369 1048 Baptis
400 995 498 1035 dixit
525 1001 669 1049 postea
697 997 767 1038 Fr.
796 997 915 1040 XVI:

926 1061 1161 1112 Κοῖκείνους
1189 1062 1289 1113 τοὺς
1313 1062 1494 1116 Ἱππέας

387 1127 656 1181 συνεποίησα
682 1130 741 1188 τῷ
770 1133 978 1191 φαλακρῷ
1006 1130 1143 1188 τούτῳ
1171 1131 1503 1188 κάδωρησάμηυ.

222 1202 287 1243 Ab
323 1201 387 1242 his
424 1203 550 1254 igitur
587 1205 880 1245 malevolorum
919 1205 1128 1245 hominum
1159 1205 1392 1247 criminibus
1423 1220 1467 1248 se
1494 1219 1670 1261 purgare

221 1271 359 1311 atudet
395 1275 543 1323 poeta:
590 1274 837 1325 Eupolidem
873 1280 1008 1314 autem
1049 1274 1304 1326 potissimum
1343 1276 1449 1329 peti,
1494 1282 1668 1330 arguunt

223 1341 291 1381 vel
317 1341 388 1381 illa
417 1353 521 1392 quae
550 1342 872 1394 subsequuntur:
1709 1343 1711 1346 ⁴

271 1403 461 1462 Ἀρθεὶς
502 1407 548 1448 δὲ
585 1409 719 1462 μέγας
759 1411 835 1451 καὶ
878 1409 1084 1464 τιμηθεὶς
1127 1406 1184 1457 ὥς
1225 1406 1367 1459 οὐδεὶς
1405 1409 1577 1454 πώποτ’
1621 1412 1667 1453 ἐν

993 1475 1095 1533 ὑμῖν

273 1542 353 1586 οὐκ
379 1543 595 1586 ἐκτελέσαι
623 1546 761 1601 φησὶν
788 1545 1000 1603 ἐπαρθεὶς
1029 1543 1126 1588 οὐδ’
1148 1543 1338 1600 ὀγκῶσαι
1367 1546 1419 1590 τὸ
1445 1545 1666 1604 φρόνημα,

273 1611 377 1656 οὐδὲ
398 1613 672 1670 παλαίστρας
694 1613 994 1672 πέρικωμάζειν
1019 1616 1196 1672 πειρῶν,
1225 1616 1322 1658 οὐδ’
1353 1617 1456 1666 εἴτις
1483 1618 1667 1673 ἐραστὴς

275 1683 590 1741 κωμῳδεῖσθαι
615 1684 784 1740 παιδίχ’
813 1684 970 1728 ἑαυτοῦ
997 1686 1139 1741 μισῶν
1167 1683 1345 1727 ἔσπευδε
1375 1686 1481 1743 πρὸς
1510 1684 1664 1739 αὐτόν,

276 1751 422 1794 οὐδενὶ
478 1750 650 1795 πώποτέ
707 1769 819 1810 φησι
884 1757 1127 1806 πιθέσθαι,
1190 1753 1366 1811 γνώμην
1421 1752 1506 1797 τιν’
1562 1754 1669 1812 ἔχων

992 1823 1168 1876 ἐπιεικῆ,

274 1885 351 1932 ἵνα
378 1889 457 1940 τὰς
473 1887 673 1945 Μούσας,
703 1885 825 1934 αἷσιν
847 1893 1019 1949 χρῆται,
1046 1893 1108 1950 μὴ
1138 1892 1415 1949 προαγωγοὺς
1442 1890 1665 1950 ἀποφήνῃ.

218 1961 350 2002 Recte
379 1963 487 2003 enim
517 1968 616 2015 puto
645 1964 863 2006 scholiasta
892 1966 1176 2006 animadvertit
1204 1966 1308 2005 haec
1324 1966 1584 2017 potissimum
1614 1965 1666 2005 ad

219 2030 412 2083 Eupolin‚
429 2031 713 2084 Aristophanis
742 2036 946 2077 aemulum
975 2048 1067 2077 esse
1095 2035 1312 2074 referenda
1330 2029 1417 2082 (δι’
1445 2029 1664 2073 Εὔπολιν·

219 2095 266 2138 ἐν
281 2094 517 2154 Αὐτολύκῳ
547 2097 592 2138 δὲ
621 2099 804 2141 τοιαῦτα
833 2100 993 2156 φήσιν)
1024 2116 1263 2156 quamquam
1294 2116 1391 2150 sane
1421 2104 1666 2156 Autolycum

220 2167 425 2218 fabulam,
461 2181 565 2221 quae
600 2170 805 2222 aliquanto
843 2179 935 2226 post
965 2177 1026 2214 est
1052 2173 1194 2221 docta,
1229 2184 1310 2212 non
1347 2171 1479 2223 potuit
1507 2173 1666 2212 Aristo-

219 2237 374 2292 phanes
410 2239 451 2279 in
482 2239 628 2292 Vespis
666 2245 829 2281 notan-ex
859 2255 1034 2295 namque
1073 2243 1185 2295 prior
1214 2241 1438 2295 Autolycus
1469 2241 1508 2292 *)
1546 2241 1666 2282 docta

306 2435 340 2479 ’)
362 2435 518 2479 Autolyci
541 2438 704 2472 memoria
724 2439 760 2473 in
783 2444 932 2474 mentem
958 2441 1041 2475 mihi
1065 2444 1203 2475 revocat
1234 2441 1319 2474 duos
1342 2441 1446 2482 locos,
1460 2451 1565 2473 unum
1576 2439 1664 2473 Dio-

218 2493 304 2536 dori,
326 2495 521 2530 Pausaniae
546 2498 700 2540 alterum,
723 2498 781 2541 qui
805 2499 957 2541 graviter
981 2499 1156 2544 depravati
1180 2503 1278 2533 sunt:
1310 2499 1438 2533 etenim
1462 2499 1552 2541 apud
1575 2497 1663 2541 Diq-

218 2552 341 2587 domm
362 2553 445 2589 XIV
470 2554 493 2590 5
516 2559 586 2589 est:
621 2552 757 2590 ἀνεῖλον
790 2558 826 2591 δὲ
853 2559 910 2591 καὶ
933 2556 1157 2600 Αὐτόλυκον,
1191 2553 1302 2604 ἄνδρα
1325 2551 1585 2602 παρρησιαστὴν
1608 2554 1668 2588 καὶ

215 2608 373 2646 καθόλου
394 2613 474 2652 τοὺς
495 2615 737 2660 χαριεστάτους
760 2619 927 2662 ἐπέλεγον.
984 2618 1084 2654 Quod
1114 2622 1309 2662 corruptum
1333 2626 1410 2650 esse
1441 2616 1496 2648 vel
1528 2614 1664 2647 adiecta

215 2680 283 2704 vox
303 2668 412 2716 ἄνδρα
434 2669 571 2716 indicat,
605 2675 817 2709 scribendum
853 2672 995 2722 ἄνδρα
1026 2672 1415 2721 παγκρατιαστήν.
1472 2673 1663 2708 Pausaniae

214 2729 310 2765 Iocus
334 2734 385 2765 es't
407 2732 423 2764 1
445 2733 490 2765 23
516 2729 577 2768 10:
613 2730 664 2767 P&
695 2732 733 2768 δὲ
762 2736 797 2772 ἐς
812 2733 1032 2780 “Ερμόλυκον
1064 2734 1127 2769 τὸν
1159 2731 1448 2779 παγκρατιαστὴν
1471 2733 1533 2766 καὶ
1566 2735 1663 2777 Φορ-
