1716 3164
662 162 1015 210 ΠΡΟΛΙῺΝ.,·
1466 172 1578 215 1187

97 275 352 332 Μσβωιν
398 273 560 331 τρίτος.
641 279 704 321 De
742 292 823 333 qua
864 279 1088 322 didascalia
1131 280 1288 324 dictum
1328 286 1394 326 est
1438 294 1577 338 supra.

95 350 253 402 ipsum:
275 354 414 396 autem
451 362 602 391 nomen
646 346 855 403 προαγών
895 351 1100 403 significat
1140 353 1258 404 quasi
1291 354 1577 406 prolusionem

93 419 318 471 quandam,
358 431 464 471 quae
501 420 632 472 ipsam
672 420 965 461 solennitatem
993 422 1225 462 antecedit:
1263 426 1325 464 uti
1364 429 1426 465 est
1464 426 1577 478 apud

91 489 343 531 Aeschinem
381 490 423 529 in
453 490 769 542 Ctesiphontem
801 505 840 542 p.
870 490 955 530 456
994 491 1059 530 ed.
1090 491 1270 532 Reiske:
1305 487 1576 544 Ἐκκλησίαν

91 560 231 599 ποιεῖν
262 559 361 606 τοὺς
393 555 624 612 πρυτάνεις
655 557 708 616 τῇ
737 555 875 614 ὀγδόῃ
915 558 1154 613 ἱσταμένου
1195 559 1274 600 τοῦ
1310 557 1574 618 Ἐλαφηβο-

90 628 242 678 λιῶνος
270 626 432 683 μηνός,
473 622 546 669 ὅτ’
577 619 631 679 ἦν
660 627 720 686 τῷ
750 626 1005 686 Ἀσκληπιῷ
1035 626 1060 679 ἡ
1093 627 1239 672 θυσία
1268 632 1345 672 καὶ
1374 629 1398 673 ὁ
1428 648 1575 688 προα-

90 696 191 753 γών,
220 699 267 739 ἐν
298 698 350 756 τῇ
378 697 476 755 ἱερᾷ
504 695 647 756 ἡμέρᾳ
675 698 766 742 κτλ.
838 702 941 741 Item
973 706 1118 742 auctor
1148 703 1255 743 vitae
1285 705 1501 758 Euripidis
1530 708 1574 749 in

90 772 189 812 cod..
213 771 343 813 Paris.
373 770 438 811 ed.
470 784 493 811 a
525 772 748 825 Rossignol
777 771 957 812 Journal
983 773 1055 812 des
1090 771 1261 813 Savans
1293 775 1571 818 Avril1832:

95 839 221 891 Φασὶ
250 838 296 881 δὲ
321 839 668 895 ,κεραυνωθῆναι
697 835 926 896 ἀμφότερα
957 842 1173 895 μνημεῖα·
1213 841 1390 896 λέγουσι
1421 843 1468 884 δὲ
1497 846 1573 886 καὶ

89 909 322 965 Σοφοκλέα
367 906 621 951 ἀκούσαντα
663 904 732 952 ὅτι
784 909 1052 963 ἐτελεύτησε,
1097 909 1234 953 αὐτὸν
1278 914 1360 967 μὲν
1410 912 1573 973 ἱματίῳ

88 979 209 1037 (paup
248 976 346 1030 ἤτοι
389 980 601 1037 πορφυρῷ
641 980 907 1038 προελθεῖν,
958 980 1038 1022 τὸν
1087 981 1135 1023 δὲ
1170 979 1307 1038 χορὸν
1354 985 1430 1025 καὶ
1470 983 1573 1036 τοὺς

86 1047 326 1106 ὑποκριτάς
365 1046 709 1106 ἀστεφανώτους
757 1048 1010 1106 εἰσαγαγεῖν
1049 1050 1096 1092 ἐν
1133 1051 1193 1109 τῷ
1231 1053 1457 1107 προαγῶνι
1495 1057 1573 1096 καὶ

87 1120 303 1175 δακρῦσαι
333 1118 412 1161 τὸν
442 1120 599 1175 δῆμον.
668 1124 830 1165 Deinde
868 1125 1065 1164 translata
1105 1129 1170 1164 est
1200 1123 1305 1164 haec
1335 1138 1413 1166 vox
1444 1127 1570 1168 etiam

85 1194 136 1234 ad
167 1194 269 1243 alia,
303 1193 385 1234 vid.
418 1195 691 1248 Harpocratio
729 1210 770 1249 p.
802 1196 885 1236 157
929 1196 996 1237 ed.
1037 1196 1203 1236 Bckker
1241 1200 1327 1238 not.
1375 1195 1571 1251 Προα-

84 1262 247 1317 γῶνές
284 1259 371 1303 εἰσι
407 1260 532 1318 λόγοι
569 1264 612 1305 οἱ
649 1262 1054 1321 προευτρεπίζοντες
1092 1261 1199 1319 ἡμῖν
1227 1264 1315 1306 τῶν
1346 1265 1569 1308 δικαστῶν

85 1330 242 1385 ἀκοήν·
284 1330 404 1386 ἀγών
433 1333 516 1391 γὰρ
547 1331 571 1386 ἡ
602 1333 758 1391 κρίσις.
826 1338 1128 1391 Aristophanes
1171 1338 1298 1390 igitur
1327 1337 1492 1379 videtur
1525 1340 1570 1381 in

84 1409 163 1450 hac
195 1407 409 1449 comoedia
439 1409 641 1449 eiusmodi
672 1409 956 1461 prolusionem
1000 1410 1258 1458 exhibuisse,
1298 1421 1402 1460 quae
1441 1411 1568 1463 tragi-

85 1493 178 1520 cum
208 1480 376 1531 aliquod
406 1480 688 1532 spectaculum
719 1481 970 1530 continebat,
1001 1485 1046 1519 ut
1076 1480 1327 1532 tragicorum
1350 1484 1568 1532 poetarum

82 1551 326 1605 gravitatem
364 1550 505 1602 lepide
542 1550 858 1603 perstringeret.
929 1552 985 1591 Et
1025 1555 1188 1603 poetam
1228 1550 1404 1590 maxime
1442 1551 1568 1591 Euri-

84 1622 224 1675 pidem
265 1622 534 1674 exagitavisse
573 1621 862 1674 cognoscimus
900 1634 950 1661 ex
988 1621 1210 1661 scholiasta
1240 1621 1413 1673 Vespar.
1443 1634 1482 1662 ν.
1512 1622 1566 1662 61

83 1686 658 1742 ἀνασελγαινόμενοςε
716 1687 1175 1746 κατακωμῳδούμενος
1194 1720 1205 1740 ,
1271 1685 1566 1744 ὑβριζόμενος.

82 1756 184 1801 κατ’
235 1755 375 1800 αὑτοῦ
418 1756 502 1813 γὰρ
544 1758 718 1810 καθῆκε
760 1758 838 1810 τὰς
881 1756 1343 1816 Θεσμοᾳοριαζούσας.
1423 1760 1566 1815 φησὶν

83 1821 183 1882 οὖν,
224 1828 277 1871 οὐ
310 1826 512 1884 δεύτερον
558 1825 870 1884 ταὺτολογήσω
910 1831 1008 1886 περὶ
1048 1828 1204 1883 αὐτοῦ,
1245 1828 1304 1879 ὥς
1342 1829 1386 1871 οἱ
1422 1826 1564 1874 ἄλλοι.

83 1898 137 1943 οὗ
165 1897 306 1956 μόνον
339 1898 385 1941 δὲ
415 1895 631 1957 ἐντούτῳ
660 1900 720 1958 τῷ
750 1899 944 1957 δράματι
983 1896 1182 1951 εἰσῆκται
1211 1894 1348 1950 οὕτως
1377 1899 1565 1957 Εὐριπί-

47 2013 49 2015 ,
84 1972 191 2023 δης,
233 1967 346 2012 ἀλλὰ
382 1970 455 2012 καὶ
493 1969 540 2010 ἐν
577 1969 638 2027 τῷ
666 1971 906 2028 Προαγῶνι
933 1972 1012 2013 καὶ
1041 1970 1087 2012 ἐν
1112 1967 1421 2026 Ἀχαρνεῦσιν.
1480 1975 1565 2015 Ex-

82 2045 223 2085 hibuit
265 2047 403 2084 autem
441 2049 584 2096 poeta,
626 2050 825 2096 quantum
864 2045 1032 2096 quidem
1072 2045 1113 2084 in
1151 2048 1264 2084 tanta
1293 2045 1564 2097 reliquiarum

79 2115 289 2168 paucitate
319 2115 559 2154 coniectura
598 2115 763 2166 assequi
795 2127 1036 2168 possumus,
1079 2115 1196 2166 quasi
1227 2115 1457 2167 Thyestem
1487 2116 1563 2154 ali-

80 2199 228 2238 quem,
260 2186 330 2238 qui
360 2186 454 2237 ipse
484 2196 653 2225 suorum
685 2186 911 2226 liberorum
942 2190 1056 2225 artus
1087 2186 1345 2235 comederat,
1377 2185 1458 2225 vid.
1489 2184 1561 2225 Fr.

83 2255 122 2294 ΙΙ
154 2260 197 2295 et
226 2255 407 2294 fortasse
438 2255 524 2302 1113
562 2259 687 2306 atque
725 2256 806 2295 alia
835 2260 1055 2307 praeterea
1091 2255 1324 2307 fragmenta
1354 2255 1406 2296 ad
1435 2254 1562 2307 tragi-

84 2336 158 2364 cae
190 2324 388 2365 orationis
417 2323 730 2365 similitudinem
761 2325 976 2373 accedunt,
1007 2325 1121 2365 velut
1150 2325 1221 2365 Fr.
1253 2324 1285 2364 1.

801 2446 834 2486 Ι.

419 2554 638 2611 Σταθερὰ
670 2555 715 2596 δὲ
745 2552 880 2607 κάλυξ
910 2552 1067 2610 ’νεαρᾶς
1097 2548 1221 2609 ἥβης.

28 2715 36 2717 ‚
193 2668 369 2709 Photius
399 2681 440 2720 p.
455 2669 540 2709 534
572 2670 594 2709 1
627 2675 670 2709 et
684 2670 833 2711 Suidas
861 2663 1126 2722 Σταθερόνε
1158 2692 1212 2699 -
1242 2666 1355 2714 τινὲς
1383 2664 1457 2706 καὶ
1486 2662 1560 2705 ἐπὶ

86 2732 169 2775 τοῦ
198 2734 435 2791 στασίμου,
464 2731 522 2787 ὠς
550 2732 773 2793 Αἰσχύλος
802 2738 849 2780 ἐν
885 2737 1169 2793 Ψυχαγωγοῖς
1198 2734 1447 2792 Σῖαθὲρθῧ
1460 2730 1560 2790 2⁶²5·

146 2815 312 2852 Comoed.
344 2823 417 2854 ant.
1241 2808 1298 2847 72
