<?xml version="1.0" encoding="UTF-8"?>
<!DOCTYPE html PUBLIC "-//W3C//DTD XHTML 1.0 Transitional//EN"
    "http://www.w3.org/TR/xhtml1/DTD/xhtml1-transitional.dtd">
<html xmlns="http://www.w3.org/1999/xhtml" xml:lang="en" lang="en">
 <head>
  <title>
</title>
<meta http-equiv="Content-Type" content="text/html;charset=utf-8" />
  <meta name='ocr-system' content='tesseract 3.04.00' />
  <meta name='ocr-capabilities' content='ocr_page ocr_carea ocr_par ocr_line ocrx_word'/>
</head>
<body>
  <div class='ocr_page' id='page_1' title='image "./fragmentacomicor02meinuoft_0463.png"; bbox 0 0 1716 3164; ppageno 0'>
   <div class='ocr_carea' id='block_1_1' title="bbox 0 166 4 195">
    <p class='ocr_par' dir='ltr' id='par_1_1' title="bbox 0 166 4 195">
     <span class='ocr_line' id='line_1_1' title="bbox 0 166 4 195; baseline 0 0"><span class='ocrx_word' id='word_1_1' title='bbox 0 166 4 195; x_wconf 71' lang='lat'>‹</span> 
     </span>
    </p>
   </div>
   <div class='ocr_carea' id='block_1_2' title="bbox 659 129 1558 182">
    <p class='ocr_par' dir='ltr' id='par_1_2' title="bbox 659 129 1558 182">
     <span class='ocr_line' id='line_1_2' title="bbox 659 129 1558 182; baseline 0.01 -10"><span class='ocrx_word' id='word_1_2' title='bbox 659 129 886 174; x_wconf 82' lang='lat' dir='ltr'><em>APAMA</em></span> <span class='ocrx_word' id='word_1_3' title='bbox 893 131 987 175; x_wconf 85' lang='lat' dir='ltr'><em>TA.</em></span> <span class='ocrx_word' id='word_1_4' title='bbox 1451 139 1558 182; x_wconf 84' lang='lat'>1061</span> 
     </span>
    </p>
   </div>
   <div class='ocr_carea' id='block_1_3' title="bbox 0 236 1557 376">
    <p class='ocr_par' dir='ltr' id='par_1_3' title="bbox 0 236 1557 376">
     <span class='ocr_line' id='line_1_3' title="bbox 0 236 1557 304; baseline 0.005 -20"><span class='ocrx_word' id='word_1_5' title='bbox 0 256 3 294; x_wconf 66' lang='lat'><em>3</em></span> <span class='ocrx_word' id='word_1_6' title='bbox 77 236 429 298; x_wconf 69' lang='grc' dir='ltr'><em>Ἀριστοφάνης,</em></span> <span class='ocrx_word' id='word_1_7' title='bbox 469 242 567 298; x_wconf 72' lang='grc' dir='ltr'><em>περὶ</em></span> <span class='ocrx_word' id='word_1_8' title='bbox 607 241 688 284; x_wconf 86' lang='grc' dir='ltr'><em>τοῦ</em></span> <span class='ocrx_word' id='word_1_9' title='bbox 717 241 1008 302; x_wconf 84' lang='grc' dir='ltr'><em>Κυκλοβόρου</em></span> <span class='ocrx_word' id='word_1_10' title='bbox 1050 243 1126 287; x_wconf 88' lang='grc' dir='ltr'><em>τοῦ</em></span> <span class='ocrx_word' id='word_1_11' title='bbox 1165 247 1370 302; x_wconf 79' lang='grc' dir='ltr'><em>ποταμοῦ</em></span> <span class='ocrx_word' id='word_1_12' title='bbox 1407 249 1557 304; x_wconf 84' lang='grc' dir='ltr'><em>λέγων.</em></span> 
     </span>
     <span class='ocr_line' id='line_1_4' title="bbox 0 308 1555 376; baseline 0.007 -23"><span class='ocrx_word' id='word_1_13' title='bbox 0 311 1 340; x_wconf 68' lang='lat'>3</span> <span class='ocrx_word' id='word_1_14' title='bbox 75 314 210 370; x_wconf 73' lang='lat' dir='ltr'><strong>Vulgo</strong></span> <span class='ocrx_word' id='word_1_15' title='bbox 241 308 265 353; x_wconf 90' lang='grc' dir='ltr'>ὁ</span> <span class='ocrx_word' id='word_1_16' title='bbox 296 310 342 353; x_wconf 76' lang='grc' dir='ltr'><em>δὲ</em></span> <span class='ocrx_word' id='word_1_17' title='bbox 372 311 428 362; x_wconf 79' lang='grc' dir='ltr'><em>ἐς.</em></span> <span class='ocrx_word' id='word_1_18' title='bbox 489 316 680 358; x_wconf 80' lang='lat' dir='ltr'><strong>Correxit</strong></span> <span class='ocrx_word' id='word_1_19' title='bbox 718 316 972 360; x_wconf 77' lang='lat' dir='ltr'><strong>Dindorfius.</strong></span> <span class='ocrx_word' id='word_1_20' title='bbox 1031 315 1229 372; x_wconf 76' lang='grc' dir='ltr'><em>ἐξέτρεψε</em></span> <span class='ocrx_word' id='word_1_21' title='bbox 1271 334 1348 374; x_wconf 83' lang='lat' dir='ltr'><em>pro</em></span> <span class='ocrx_word' id='word_1_22' title='bbox 1388 323 1555 376; x_wconf 81' lang='lat' dir='ltr'><strong>vulgato</strong></span> 
     </span>
    </p>
   </div>
   <div class='ocr_carea' id='block_1_4' title="bbox 71 381 1555 583">
    <p class='ocr_par' dir='ltr' id='par_1_4' title="bbox 71 381 1555 583">
     <span class='ocr_line' id='line_1_5' title="bbox 72 381 1555 446; baseline 0.007 -22"><span class='ocrx_word' id='word_1_23' title='bbox 72 381 301 439; x_wconf 78' lang='grc' dir='ltr'><strong><em>ἐξέστρεψε</em></strong></span> <span class='ocrx_word' id='word_1_24' title='bbox 333 386 464 426; x_wconf 81' lang='lat' dir='ltr'><strong>codex</strong></span> <span class='ocrx_word' id='word_1_25' title='bbox 493 386 695 426; x_wconf 74' lang='lat' dir='ltr'><strong>Salmasii.</strong></span> <span class='ocrx_word' id='word_1_26' title='bbox 763 387 963 428; x_wconf 79' lang='lat' dir='ltr'><strong>Fortasse</strong></span> <span class='ocrx_word' id='word_1_27' title='bbox 1001 401 1146 430; x_wconf 82' lang='lat' dir='ltr'>versus</span> <span class='ocrx_word' id='word_1_28' title='bbox 1178 391 1237 430; x_wconf 82' lang='lat' dir='ltr'><em>sic</em></span> <span class='ocrx_word' id='word_1_29' title='bbox 1267 392 1555 446; x_wconf 76' lang='lat' dir='ltr'>redintegran-</span> 
     </span>
     <span class='ocr_line' id='line_1_6' title="bbox 72 449 1553 512; baseline 0.005 -16"><span class='ocrx_word' id='word_1_30' title='bbox 72 455 171 505; x_wconf 72' lang='lat' dir='ltr'>dus,</span> <span class='ocrx_word' id='word_1_31' title='bbox 208 451 266 494; x_wconf 85' lang='lat' dir='ltr'><em>‘O</em></span> <span class='ocrx_word' id='word_1_32' title='bbox 297 449 343 494; x_wconf 74' lang='grc' dir='ltr'><em>δ’</em></span> <span class='ocrx_word' id='word_1_33' title='bbox 376 449 438 503; x_wconf 80' lang='grc' dir='ltr'><em>εἰς</em></span> <span class='ocrx_word' id='word_1_34' title='bbox 473 452 526 495; x_wconf 84' lang='grc' dir='ltr'><em>τὸ</em></span> <span class='ocrx_word' id='word_1_35' title='bbox 554 453 792 496; x_wconf 73' lang='grc' dir='ltr'><strong><em>πλινθείαν</em></strong></span> <span class='ocrx_word' id='word_1_36' title='bbox 820 452 1061 510; x_wconf 39' lang='grc' dir='ltr'><em>γενόμενοςχ</em></span> <span class='ocrx_word' id='word_1_37' title='bbox 1082 456 1281 512; x_wconf 76' lang='grc' dir='ltr'><em>ἐξέτρεψε</em></span> <span class='ocrx_word' id='word_1_38' title='bbox 1319 458 1553 512; x_wconf 78' lang='grc' dir='ltr'><em>πλίνθους.</em></span> 
     </span>
     <span class='ocr_line' id='line_1_7' title="bbox 71 525 1552 583; baseline 0.007 -17"><span class='ocrx_word' id='word_1_39' title='bbox 71 525 126 566; x_wconf 82' lang='lat' dir='ltr'><em>de</em></span> <span class='ocrx_word' id='word_1_40' title='bbox 168 527 403 580; x_wconf 83' lang='lat' dir='ltr'><strong>Cycloboro</strong></span> <span class='ocrx_word' id='word_1_41' title='bbox 433 527 578 580; x_wconf 75' lang='lat' dir='ltr'><strong>rapido</strong></span> <span class='ocrx_word' id='word_1_42' title='bbox 616 530 802 569; x_wconf 74' lang='lat' dir='ltr'><strong>torrente</strong></span> <span class='ocrx_word' id='word_1_43' title='bbox 847 528 927 569; x_wconf 87' lang='lat' dir='ltr'><strong>vid.</strong></span> <span class='ocrx_word' id='word_1_44' title='bbox 969 529 1097 570; x_wconf 82' lang='lat' dir='ltr'><strong>schol.</strong></span> <span class='ocrx_word' id='word_1_45' title='bbox 1138 531 1297 583; x_wconf 81' lang='lat' dir='ltr'><strong>Equitt.</strong></span> <span class='ocrx_word' id='word_1_46' title='bbox 1328 545 1365 574; x_wconf 75' lang='lat' dir='ltr'><em>V.</em></span> <span class='ocrx_word' id='word_1_47' title='bbox 1398 534 1479 575; x_wconf 82' lang='lat'><em>137</em></span> <span class='ocrx_word' id='word_1_48' title='bbox 1511 539 1552 576; x_wconf 83' lang='lat' dir='ltr'><em>et</em></span> 
     </span>
    </p>
   </div>
   <div class='ocr_carea' id='block_1_5' title="bbox 70 597 861 697">
    <p class='ocr_par' dir='ltr' id='par_1_5' title="bbox 70 597 861 697">
     <span class='ocr_line' id='line_1_8' title="bbox 70 597 471 639; baseline -0.007 0"><span class='ocrx_word' id='word_1_49' title='bbox 70 597 252 639; x_wconf 80' lang='lat' dir='ltr'>Acharn.</span> <span class='ocrx_word' id='word_1_50' title='bbox 285 609 323 639; x_wconf 78' lang='lat' dir='ltr'><em>v.</em></span> <span class='ocrx_word' id='word_1_51' title='bbox 354 597 471 637; x_wconf 76' lang='grc'><em>381..-</em></span> 
     </span>
     <span class='ocr_line' id='line_1_9' title="bbox 767 654 861 697; baseline -0.021 0"><span class='ocrx_word' id='word_1_52' title='bbox 767 654 861 697; x_wconf 88' lang='lat' dir='ltr'><strong>Vll.</strong></span> 
     </span>
    </p>
   </div>
   <div class='ocr_carea' id='block_1_6' title="bbox 63 733 1548 1076">
    <p class='ocr_par' dir='ltr' id='par_1_6' title="bbox 63 733 1548 1076">
     <span class='ocr_line' id='line_1_10' title="bbox 180 733 1548 800; baseline 0.003 -22"><span class='ocrx_word' id='word_1_53' title='bbox 180 736 328 779; x_wconf 80' lang='lat' dir='ltr'><strong>Pollux</strong></span> <span class='ocrx_word' id='word_1_54' title='bbox 370 736 408 778; x_wconf 86' lang='lat' dir='ltr'>X</span> <span class='ocrx_word' id='word_1_55' title='bbox 459 737 562 779; x_wconf 80' lang='lat'>166:</span> <span class='ocrx_word' id='word_1_56' title='bbox 618 733 837 787; x_wconf 82' lang='grc' dir='ltr'><em>Καττὺς</em></span> <span class='ocrx_word' id='word_1_57' title='bbox 880 736 1118 793; x_wconf 82' lang='grc' dir='ltr'><em>δερμάτιον</em></span> <span class='ocrx_word' id='word_1_58' title='bbox 1160 738 1450 794; x_wconf 76' lang='grc' dir='ltr'><em>ἐντιθέμενον</em></span> <span class='ocrx_word' id='word_1_59' title='bbox 1495 742 1548 800; x_wconf 74' lang='grc' dir='ltr'><em>τῇ</em></span> 
     </span>
     <span class='ocr_line' id='line_1_11' title="bbox 67 796 1548 868; baseline 0.004 -21"><span class='ocrx_word' id='word_1_60' title='bbox 67 801 246 863; x_wconf 82' lang='grc' dir='ltr'><em>σμινὺῃ,</em></span> <span class='ocrx_word' id='word_1_61' title='bbox 284 799 394 847; x_wconf 79' lang='grc' dir='ltr'><em>ὅταν</em></span> <span class='ocrx_word' id='word_1_62' title='bbox 430 801 455 848; x_wconf 87' lang='grc' dir='ltr'><em>ὁ</em></span> <span class='ocrx_word' id='word_1_63' title='bbox 494 806 693 863; x_wconf 75' lang='grc' dir='ltr'><em>στέλεχος</em></span> <span class='ocrx_word' id='word_1_64' title='bbox 732 804 888 865; x_wconf 80' lang='grc' dir='ltr'><em>ἀραιὸς</em></span> <span class='ocrx_word' id='word_1_65' title='bbox 914 796 958 868; x_wconf 78' lang='grc' dir='ltr'><em>ᾗ.</em></span> <span class='ocrx_word' id='word_1_66' title='bbox 1017 810 1094 851; x_wconf 87' lang='grc' dir='ltr'><em>καὶ</em></span> <span class='ocrx_word' id='word_1_67' title='bbox 1131 807 1226 852; x_wconf 84' lang='grc' dir='ltr'><em>ἔστι</em></span> <span class='ocrx_word' id='word_1_68' title='bbox 1262 807 1460 866; x_wconf 82' lang='grc' dir='ltr'><em>τοῦνομα</em></span> <span class='ocrx_word' id='word_1_69' title='bbox 1498 812 1548 854; x_wconf 77' lang='grc' dir='ltr'><em>ἐν</em></span> 
     </span>
     <span class='ocr_line' id='line_1_12' title="bbox 66 872 1542 938; baseline 0.007 -22"><span class='ocrx_word' id='word_1_70' title='bbox 66 877 156 925; x_wconf 82' lang='grc' dir='ltr'><em>τοῖς</em></span> <span class='ocrx_word' id='word_1_71' title='bbox 195 872 556 934; x_wconf 81' lang='grc' dir='ltr'><em>Ἀριστοφάνους</em></span> <span class='ocrx_word' id='word_1_72' title='bbox 595 874 829 934; x_wconf 80' lang='grc' dir='ltr'><em>Δράμασιν</em></span> <span class='ocrx_word' id='word_1_73' title='bbox 870 875 900 931; x_wconf 79' lang='grc' dir='ltr'><em>ἢ</em></span> <span class='ocrx_word' id='word_1_74' title='bbox 936 876 1107 938; x_wconf 77' lang='grc' dir='ltr'><em>Νιόβῳ.</em></span> <span class='ocrx_word' id='word_1_75' title='bbox 1181 883 1251 924; x_wconf 79' lang='lat' dir='ltr'><em>Sic</em></span> <span class='ocrx_word' id='word_1_76' title='bbox 1292 890 1408 924; x_wconf 80' lang='lat' dir='ltr'>recte</span> <span class='ocrx_word' id='word_1_77' title='bbox 1451 887 1542 926; x_wconf 86' lang='lat' dir='ltr'><strong>cod.</strong></span> 
     </span>
     <span class='ocr_line' id='line_1_13' title="bbox 65 944 1541 1007; baseline 0.006 -19"><span class='ocrx_word' id='word_1_78' title='bbox 65 948 274 1001; x_wconf 80' lang='lat' dir='ltr'><strong>lungerm.</strong></span> <span class='ocrx_word' id='word_1_79' title='bbox 299 949 429 990; x_wconf 81' lang='lat' dir='ltr'><strong>ceteri</strong></span> <span class='ocrx_word' id='word_1_80' title='bbox 461 944 634 1005; x_wconf 76' lang='grc' dir='ltr'><em>ἡνιόχῳ,</em></span> <span class='ocrx_word' id='word_1_81' title='bbox 666 946 845 1007; x_wconf 76' lang='grc' dir='ltr'><em>ἡνιόβῳ,</em></span> <span class='ocrx_word' id='word_1_82' title='bbox 875 952 999 993; x_wconf 79' lang='lat' dir='ltr'><strong>simil.</strong></span> <span class='ocrx_word' id='word_1_83' title='bbox 1060 955 1258 994; x_wconf 83' lang='lat' dir='ltr'>Ceterum</span> <span class='ocrx_word' id='word_1_84' title='bbox 1290 955 1434 996; x_wconf 80' lang='lat' dir='ltr'><strong>confer</strong></span> <span class='ocrx_word' id='word_1_85' title='bbox 1455 957 1541 997; x_wconf 85' lang='lat' dir='ltr'><strong>lle-</strong></span> 
     </span>
     <span class='ocr_line' id='line_1_14' title="bbox 63 1014 1108 1076; baseline 0.003 -16"><span class='ocrx_word' id='word_1_86' title='bbox 63 1018 275 1072; x_wconf 76' lang='lat' dir='ltr'><strong>syolnium:</strong></span> <span class='ocrx_word' id='word_1_87' title='bbox 309 1014 510 1060; x_wconf 87' lang='grc' dir='ltr'><em>Καττὺν·</em></span> <span class='ocrx_word' id='word_1_88' title='bbox 542 1015 803 1076; x_wconf 85' lang='grc' dir='ltr'><em>άπότριμμα</em></span> <span class='ocrx_word' id='word_1_89' title='bbox 833 1017 1108 1076; x_wconf 82' lang='grc' dir='ltr'><em>δερμάτινον.</em></span> 
     </span>
    </p>
   </div>
   <div class='ocr_carea' id='block_1_7' title="bbox 672 1185 936 1194">
    <p class='ocr_par' dir='ltr' id='par_1_7' title="bbox 672 1185 936 1194">
     <span class='ocr_line' id='line_1_15' title="bbox 672 1185 936 1194; baseline 0 1970"><span class='ocrx_word' id='word_1_90' title='bbox 672 1185 936 1194; x_wconf 95' lang='lat' dir='ltr'><em> </em></span> 
     </span>
    </p>
   </div>
   <div class='ocr_carea' id='block_1_8' title="bbox 460 1323 1127 1369">
    <p class='ocr_par' dir='ltr' id='par_1_8' title="bbox 460 1323 1127 1369">
     <span class='ocr_line' id='line_1_16' title="bbox 460 1323 1127 1369; baseline 0.006 -5"><span class='ocrx_word' id='word_1_91' title='bbox 460 1323 1127 1369; x_wconf 71' lang='lat' dir='ltr'><em>APAMATA.</em></span> 
     </span>
    </p>
   </div>
   <div class='ocr_carea' id='block_1_9' title="bbox 48 1525 1531 1998">
    <p class='ocr_par' dir='ltr' id='par_1_9' title="bbox 48 1525 1531 1998">
     <span class='ocr_line' id='line_1_17' title="bbox 221 1525 1286 1587; baseline 0.002 -15"><span class='ocrx_word' id='word_1_92' title='bbox 221 1526 351 1572; x_wconf 85' lang='grc' dir='ltr'><em>Ἀλλ’</em></span> <span class='ocrx_word' id='word_1_93' title='bbox 383 1525 568 1586; x_wconf 75' lang='grc' dir='ltr'><em>εὔχομαι</em></span> <span class='ocrx_word' id='word_1_94' title='bbox 586 1527 716 1586; x_wconf 81' lang='lat' dir='ltr'><em>&#39;&#39;ywy&#39;</em></span> <span class='ocrx_word' id='word_1_95' title='bbox 750 1530 929 1576; x_wconf 75' lang='grc' dir='ltr'><em>ἑλκύσαι</em></span> <span class='ocrx_word' id='word_1_96' title='bbox 957 1548 1004 1576; x_wconf 74' lang='grc' dir='ltr'><em>σε</em></span> <span class='ocrx_word' id='word_1_97' title='bbox 1036 1532 1115 1576; x_wconf 86' lang='grc' dir='ltr'><em>τὸν</em></span> <span class='ocrx_word' id='word_1_98' title='bbox 1144 1529 1286 1587; x_wconf 75' lang='grc' dir='ltr'><em>ζυγόν,</em></span> 
     </span>
     <span class='ocr_line' id='line_1_18' title="bbox 213 1610 1366 1676; baseline 0.002 -20"><span class='ocrx_word' id='word_1_99' title='bbox 213 1610 318 1657; x_wconf 77' lang='grc' dir='ltr'><em>Ἵνα</em></span> <span class='ocrx_word' id='word_1_100' title='bbox 346 1611 408 1670; x_wconf 88' lang='grc' dir='ltr'><em>μή</em></span> <span class='ocrx_word' id='word_1_101' title='bbox 438 1629 493 1670; x_wconf 88' lang='grc' dir='ltr'><em>με</em></span> <span class='ocrx_word' id='word_1_102' title='bbox 523 1614 867 1673; x_wconf 85' lang='grc' dir='ltr'><em>προσπράττωσι</em></span> <span class='ocrx_word' id='word_1_103' title='bbox 897 1617 1037 1676; x_wconf 78' lang='grc' dir='ltr'><em>γραῦν</em></span> <span class='ocrx_word' id='word_1_104' title='bbox 1067 1619 1110 1660; x_wconf 85' lang='grc' dir='ltr'><em>οἱ</em></span> <span class='ocrx_word' id='word_1_105' title='bbox 1139 1616 1366 1675; x_wconf 79' lang='grc' dir='ltr'><em>φράτορες.</em></span> 
     </span>
     <span class='ocr_line' id='line_1_19' title="bbox 166 1726 1531 1785; baseline 0 -15"><span class='ocrx_word' id='word_1_106' title='bbox 166 1729 400 1771; x_wconf 76' lang='lat' dir='ltr'><strong>Scholiasta</strong></span> <span class='ocrx_word' id='word_1_107' title='bbox 435 1731 644 1772; x_wconf 80' lang='lat' dir='ltr'><strong>Ranarum</strong></span> <span class='ocrx_word' id='word_1_108' title='bbox 675 1745 712 1772; x_wconf 85' lang='lat' dir='ltr'><em>v.</em></span> <span class='ocrx_word' id='word_1_109' title='bbox 742 1733 854 1773; x_wconf 81' lang='lat'>810:</span> <span class='ocrx_word' id='word_1_110' title='bbox 896 1726 1272 1785; x_wconf 71' lang='grc' dir='ltr'><em>Μειαγωγήσουσι</em></span> <span class='ocrx_word' id='word_1_111' title='bbox 1309 1727 1391 1780; x_wconf 78' lang='grc' dir='ltr'><em>τὴν</em></span> <span class='ocrx_word' id='word_1_112' title='bbox 1426 1739 1531 1783; x_wconf 82' lang='grc' dir='ltr'><em>τρα-</em></span> 
     </span>
     <span class='ocr_line' id='line_1_20' title="bbox 52 1794 1531 1857; baseline -0.002 -17"><span class='ocrx_word' id='word_1_113' title='bbox 52 1796 241 1857; x_wconf 77' lang='grc' dir='ltr'><em>γῳδίαν·</em></span> <span class='ocrx_word' id='word_1_114' title='bbox 279 1799 405 1854; x_wconf 87' lang='grc' dir='ltr'><em>μεῖον</em></span> <span class='ocrx_word' id='word_1_115' title='bbox 439 1798 614 1854; x_wconf 78' lang='grc' dir='ltr'><em>λέγουσι</em></span> <span class='ocrx_word' id='word_1_116' title='bbox 651 1798 754 1849; x_wconf 80' lang='grc' dir='ltr'><em>τοὺς</em></span> <span class='ocrx_word' id='word_1_117' title='bbox 791 1797 898 1857; x_wconf 80' lang='grc' dir='ltr'><em>ὑπὲρ</em></span> <span class='ocrx_word' id='word_1_118' title='bbox 937 1800 1025 1842; x_wconf 77' lang='grc' dir='ltr'><em>τῶν</em></span> <span class='ocrx_word' id='word_1_119' title='bbox 1055 1800 1163 1842; x_wconf 79' lang='grc' dir='ltr'><em>υἱῶν</em></span> <span class='ocrx_word' id='word_1_120' title='bbox 1200 1795 1260 1850; x_wconf 75' lang='grc' dir='ltr'><em>εἷς</em></span> <span class='ocrx_word' id='word_1_121' title='bbox 1289 1796 1345 1840; x_wconf 87' lang='grc' dir='ltr'><em>τά</em></span> <span class='ocrx_word' id='word_1_122' title='bbox 1381 1794 1531 1839; x_wconf 83' lang='grc' dir='ltr'><em>Ἀπα-</em></span> 
     </span>
     <span class='ocr_line' id='line_1_21' title="bbox 50 1866 1530 1928; baseline -0.003 -16"><span class='ocrx_word' id='word_1_123' title='bbox 50 1867 207 1926; x_wconf 83' lang='grc' dir='ltr'><em>τούρια</em></span> <span class='ocrx_word' id='word_1_124' title='bbox 236 1867 303 1920; x_wconf 82' lang='grc' dir='ltr'><em>ὄϊς</em></span> <span class='ocrx_word' id='word_1_125' title='bbox 331 1866 418 1911; x_wconf 84' lang='grc' dir='ltr'><em>ὑπὸ</em></span> <span class='ocrx_word' id='word_1_126' title='bbox 449 1869 537 1913; x_wconf 79' lang='grc' dir='ltr'><em>τῶν</em></span> <span class='ocrx_word' id='word_1_127' title='bbox 565 1870 769 1927; x_wconf 81' lang='grc' dir='ltr'><em>πατέρων</em></span> <span class='ocrx_word' id='word_1_128' title='bbox 805 1866 1141 1928; x_wconf 76' lang='grc' dir='ltr'><em>εἰσφερομένους</em></span> <span class='ocrx_word' id='word_1_129' title='bbox 1178 1869 1253 1912; x_wconf 86' lang='grc' dir='ltr'><em>διά</em></span> <span class='ocrx_word' id='word_1_130' title='bbox 1282 1867 1333 1911; x_wconf 86' lang='grc' dir='ltr'><em>τὸ</em></span> <span class='ocrx_word' id='word_1_131' title='bbox 1363 1867 1530 1923; x_wconf 80' lang='grc' dir='ltr'><em>ἐπιφω-</em></span> 
     </span>
     <span class='ocr_line' id='line_1_22' title="bbox 48 1937 1530 1998; baseline -0.004 -15"><span class='ocrx_word' id='word_1_132' title='bbox 48 1941 140 1983; x_wconf 84' lang='grc' dir='ltr'><em>νεῖν</em></span> <span class='ocrx_word' id='word_1_133' title='bbox 185 1938 287 1989; x_wconf 82' lang='grc' dir='ltr'><em>τοὺς</em></span> <span class='ocrx_word' id='word_1_134' title='bbox 329 1937 555 1998; x_wconf 78' lang='grc' dir='ltr'><em>φράτορας</em></span> <span class='ocrx_word' id='word_1_135' title='bbox 603 1940 676 1983; x_wconf 82' lang='grc' dir='ltr'><em>ἐπὶ</em></span> <span class='ocrx_word' id='word_1_136' title='bbox 713 1940 793 1983; x_wconf 84' lang='grc' dir='ltr'><em>τοῦ</em></span> <span class='ocrx_word' id='word_1_137' title='bbox 834 1941 1052 1996; x_wconf 75' lang='grc' dir='ltr'><em>σταθμοῦ</em></span> <span class='ocrx_word' id='word_1_138' title='bbox 1089 1940 1170 1983; x_wconf 86' lang='grc' dir='ltr'><em>τοῦ</em></span> <span class='ocrx_word' id='word_1_139' title='bbox 1210 1938 1368 1998; x_wconf 88' lang='grc' dir='ltr'><em>ἱερείου</em></span> <span class='ocrx_word' id='word_1_140' title='bbox 1406 1938 1530 1993; x_wconf 86' lang='grc' dir='ltr'><em>μεῖον</em></span> 
     </span>
    </p>
   </div>
   <div class='ocr_carea' id='block_1_10' title="bbox 27 2004 1527 2069">
    <p class='ocr_par' dir='ltr' id='par_1_10' title="bbox 27 2004 1527 2069">
     <span class='ocr_line' id='line_1_23' title="bbox 27 2004 1527 2069; baseline -0.002 -17"><span class='ocrx_word' id='word_1_141' title='bbox 27 2012 186 2067; x_wconf 83' lang='grc' dir='ltr'><em>μεῖον.</em></span> <span class='ocrx_word' id='word_1_142' title='bbox 252 2004 326 2053; x_wconf 80' lang='grc' dir='ltr'><em>ὅτι</em></span> <span class='ocrx_word' id='word_1_143' title='bbox 365 2010 411 2053; x_wconf 81' lang='grc' dir='ltr'><em>δὲ</em></span> <span class='ocrx_word' id='word_1_144' title='bbox 448 2008 636 2054; x_wconf 81' lang='grc' dir='ltr'><em>ἵσταντο</em></span> <span class='ocrx_word' id='word_1_145' title='bbox 673 2008 1010 2069; x_wconf 81' lang='grc' dir='ltr'><em>Ἀριστοφάνης</em></span> <span class='ocrx_word' id='word_1_146' title='bbox 1046 2011 1093 2054; x_wconf 80' lang='grc' dir='ltr'><em>ἐν</em></span> <span class='ocrx_word' id='word_1_147' title='bbox 1124 2009 1330 2069; x_wconf 87' lang='grc' dir='ltr'><em>Δράμασι</em></span> <span class='ocrx_word' id='word_1_148' title='bbox 1373 2010 1527 2063; x_wconf 83' lang='lat' dir='ltr'><strong>(vulgo</strong></span> 
     </span>
    </p>
   </div>
   <div class='ocr_carea' id='block_1_11' title="bbox 43 2076 1527 2776">
    <p class='ocr_par' dir='ltr' id='par_1_11' title="bbox 43 2076 1527 2776">
     <span class='ocr_line' id='line_1_24' title="bbox 48 2076 1527 2141; baseline -0.005 -16"><span class='ocrx_word' id='word_1_149' title='bbox 48 2079 270 2139; x_wconf 84' lang='grc' dir='ltr'><em>δράματι)</em></span> <span class='ocrx_word' id='word_1_150' title='bbox 308 2078 536 2134; x_wconf 78' lang='grc' dir='ltr'><em>δεδήλωκε.</em></span> <span class='ocrx_word' id='word_1_151' title='bbox 595 2081 725 2124; x_wconf 85' lang='grc' dir='ltr'><em>τοῦτο</em></span> <span class='ocrx_word' id='word_1_152' title='bbox 760 2082 807 2124; x_wconf 79' lang='grc' dir='ltr'><em>δὲ</em></span> <span class='ocrx_word' id='word_1_153' title='bbox 845 2083 1051 2134; x_wconf 87' lang='grc' dir='ltr'><em>κέκληται</em></span> <span class='ocrx_word' id='word_1_154' title='bbox 1084 2084 1281 2141; x_wconf 78' lang='grc' dir='ltr'><em>κουρεῖον</em></span> <span class='ocrx_word' id='word_1_155' title='bbox 1320 2078 1410 2122; x_wconf 83' lang='grc' dir='ltr'><em>άπὸ</em></span> <span class='ocrx_word' id='word_1_156' title='bbox 1441 2076 1527 2119; x_wconf 81' lang='grc' dir='ltr'><em>τῶν</em></span> 
     </span>
     <span class='ocr_line' id='line_1_25' title="bbox 46 2146 1527 2210; baseline -0.005 -14"><span class='ocrx_word' id='word_1_157' title='bbox 46 2151 216 2210; x_wconf 80' lang='grc' dir='ltr'><em>κούρων</em></span> <span class='ocrx_word' id='word_1_158' title='bbox 251 2149 361 2210; x_wconf 77' lang='grc' dir='ltr'><em>ὑπὲρ</em></span> <span class='ocrx_word' id='word_1_159' title='bbox 398 2146 462 2195; x_wconf 70' lang='grc' dir='ltr'><em>ὦν</em></span> <span class='ocrx_word' id='word_1_160' title='bbox 500 2151 683 2206; x_wconf 81' lang='grc' dir='ltr'><em>ἐθύετο,</em></span> <span class='ocrx_word' id='word_1_161' title='bbox 724 2154 850 2208; x_wconf 71' lang='grc' dir='ltr'><em>μεῖον</em></span> <span class='ocrx_word' id='word_1_162' title='bbox 887 2154 933 2197; x_wconf 80' lang='grc' dir='ltr'><em>δὲ</em></span> <span class='ocrx_word' id='word_1_163' title='bbox 975 2152 1051 2195; x_wconf 79' lang='grc' dir='ltr'><em>διὰ</em></span> <span class='ocrx_word' id='word_1_164' title='bbox 1089 2152 1169 2205; x_wconf 79' lang='grc' dir='ltr'><em>τὴν</em></span> <span class='ocrx_word' id='word_1_165' title='bbox 1206 2150 1527 2210; x_wconf 83' lang='grc' dir='ltr'><em>προειρημένην</em></span> 
     </span>
     <span class='ocr_line' id='line_1_26' title="bbox 46 2216 1525 2278; baseline -0.005 -13"><span class='ocrx_word' id='word_1_166' title='bbox 46 2218 213 2266; x_wconf 76' lang='grc' dir='ltr'><em>αἰτίαν.</em></span> <span class='ocrx_word' id='word_1_167' title='bbox 270 2224 347 2264; x_wconf 87' lang='grc' dir='ltr'><em>καὶ</em></span> <span class='ocrx_word' id='word_1_168' title='bbox 386 2220 614 2278; x_wconf 81' lang='grc' dir='ltr'><em>ἐπιζήμιόν</em></span> <span class='ocrx_word' id='word_1_169' title='bbox 644 2239 687 2265; x_wconf 89' lang='grc' dir='ltr'><em>τι</em></span> <span class='ocrx_word' id='word_1_170' title='bbox 716 2226 806 2274; x_wconf 83' lang='grc' dir='ltr'><em>τοῖς</em></span> <span class='ocrx_word' id='word_1_171' title='bbox 834 2216 972 2276; x_wconf 77' lang='grc' dir='ltr'><em>ἦττον</em></span> <span class='ocrx_word' id='word_1_172' title='bbox 1002 2221 1256 2278; x_wconf 76' lang='grc' dir='ltr'><em>εἰσάγουσιν</em></span> <span class='ocrx_word' id='word_1_173' title='bbox 1284 2217 1525 2262; x_wconf 81' lang='grc' dir='ltr'><em>άπεδέδοτο</em></span> 
     </span>
     <span class='ocr_line' id='line_1_27' title="bbox 48 2286 1526 2350; baseline -0.005 -14"><span class='ocrx_word' id='word_1_174' title='bbox 48 2295 203 2348; x_wconf 80' lang='lat' dir='ltr'><strong>(vulgo</strong></span> <span class='ocrx_word' id='word_1_175' title='bbox 231 2290 554 2347; x_wconf 80' lang='grc' dir='ltr'><em>άπεδέδοκτο),</em></span> <span class='ocrx_word' id='word_1_176' title='bbox 593 2291 804 2350; x_wconf 83' lang='grc' dir='ltr'><em>καθάπερ</em></span> <span class='ocrx_word' id='word_1_177' title='bbox 843 2291 978 2343; x_wconf 82' lang='grc' dir='ltr'><em>αὐτός</em></span> <span class='ocrx_word' id='word_1_178' title='bbox 1016 2308 1155 2349; x_wconf 75' lang='grc' dir='ltr'><em>φησιν</em></span> <span class='ocrx_word' id='word_1_179' title='bbox 1190 2286 1526 2348; x_wconf 76' lang='grc' dir='ltr'><em>Ἀριστοφάνης</em></span> 
     </span>
     <span class='ocr_line' id='line_1_28' title="bbox 43 2359 1521 2420; baseline -0.003 -15"><span class='ocrx_word' id='word_1_180' title='bbox 43 2359 179 2405; x_wconf 75' lang='grc' dir='ltr'><em>Ἀλλ’</em></span> <span class='ocrx_word' id='word_1_181' title='bbox 212 2359 396 2418; x_wconf 78' lang='grc' dir='ltr'><em>εὔχομαι</em></span> <span class='ocrx_word' id='word_1_182' title='bbox 425 2363 516 2407; x_wconf 87' lang='grc' dir='ltr'><em>κτλ.</em></span> <span class='ocrx_word' id='word_1_183' title='bbox 581 2366 654 2408; x_wconf 81' lang='lat' dir='ltr'><em>Vs.</em></span> <span class='ocrx_word' id='word_1_184' title='bbox 688 2367 707 2405; x_wconf 95' lang='lat' dir='ltr'><strong>l</strong></span> <span class='ocrx_word' id='word_1_185' title='bbox 752 2367 969 2419; x_wconf 77' lang='lat' dir='ltr'><strong>legebatur</strong></span> <span class='ocrx_word' id='word_1_186' title='bbox 999 2362 1077 2405; x_wconf 88' lang='grc' dir='ltr'><em>τὸν</em></span> <span class='ocrx_word' id='word_1_187' title='bbox 1105 2359 1338 2420; x_wconf 80' lang='grc' dir='ltr'><em>σφυγμόν,</em></span> <span class='ocrx_word' id='word_1_188' title='bbox 1377 2361 1521 2414; x_wconf 79' lang='lat' dir='ltr'><strong>scripsi</strong></span> 
     </span>
     <span class='ocr_line' id='line_1_29' title="bbox 46 2430 1518 2489; baseline -0.004 -13"><span class='ocrx_word' id='word_1_189' title='bbox 46 2433 125 2476; x_wconf 84' lang='grc' dir='ltr'><em>τὸν</em></span> <span class='ocrx_word' id='word_1_190' title='bbox 153 2430 296 2487; x_wconf 76' lang='grc' dir='ltr'><em>ζυγόν,</em></span> <span class='ocrx_word' id='word_1_191' title='bbox 328 2437 522 2477; x_wconf 76' lang='lat' dir='ltr'><strong>similiter</strong></span> <span class='ocrx_word' id='word_1_192' title='bbox 536 2437 768 2478; x_wconf 80' lang='lat' dir='ltr'>Brunckius</span> <span class='ocrx_word' id='word_1_193' title='bbox 797 2433 876 2476; x_wconf 90' lang='grc' dir='ltr'><em>τὸν</em></span> <span class='ocrx_word' id='word_1_194' title='bbox 905 2431 1132 2489; x_wconf 85' lang='grc' dir='ltr'><em>σταθμόν.</em></span> <span class='ocrx_word' id='word_1_195' title='bbox 1191 2437 1418 2487; x_wconf 83' lang='lat' dir='ltr'><strong>Compares</strong></span> <span class='ocrx_word' id='word_1_196' title='bbox 1434 2433 1518 2472; x_wconf 79' lang='lat' dir='ltr'><em>Eu-</em></span> 
     </span>
     <span class='ocr_line' id='line_1_30' title="bbox 45 2498 1520 2563; baseline -0.006 -14"><span class='ocrx_word' id='word_1_197' title='bbox 45 2509 160 2563; x_wconf 81' lang='lat' dir='ltr'><strong>polin</strong></span> <span class='ocrx_word' id='word_1_198' title='bbox 210 2509 249 2548; x_wconf 82' lang='lat' dir='ltr'><em>in</em></span> <span class='ocrx_word' id='word_1_199' title='bbox 293 2504 458 2560; x_wconf 80' lang='grc' dir='ltr'><em>Δήμοις</em></span> <span class='ocrx_word' id='word_1_200' title='bbox 487 2509 659 2562; x_wconf 84' lang='lat' dir='ltr'><strong>Fragm.</strong></span> <span class='ocrx_word' id='word_1_201' title='bbox 693 2507 734 2547; x_wconf 83' lang='lat'><em>1:</em></span> <span class='ocrx_word' id='word_1_202' title='bbox 793 2503 1040 2561; x_wconf 82' lang='grc' dir='ltr'><em>Τοιγαροῦν</em></span> <span class='ocrx_word' id='word_1_203' title='bbox 1084 2501 1228 2553; x_wconf 83' lang='grc' dir='ltr'><em>οὐδεὶς</em></span> <span class='ocrx_word' id='word_1_204' title='bbox 1272 2498 1520 2558; x_wconf 80' lang='grc' dir='ltr'><em>στρατηγὸς</em></span> 
     </span>
     <span class='ocr_line' id='line_1_31' title="bbox 43 2569 1519 2634; baseline -0.006 -16"><span class='ocrx_word' id='word_1_205' title='bbox 43 2576 88 2629; x_wconf 74' lang='grc' dir='ltr'><em>ἐξ</em></span> <span class='ocrx_word' id='word_1_206' title='bbox 115 2575 281 2620; x_wconf 80' lang='grc' dir='ltr'><em>ἐκείνου</em></span> <span class='ocrx_word' id='word_1_207' title='bbox 309 2575 388 2618; x_wconf 87' lang='grc' dir='ltr'><em>τοῦ</em></span> <span class='ocrx_word' id='word_1_208' title='bbox 412 2573 574 2634; x_wconf 79' lang='grc' dir='ltr'><em>χρόνου</em></span> <span class='ocrx_word' id='word_1_209' title='bbox 599 2572 810 2619; x_wconf 84' lang='grc' dir='ltr'><em>Ἐδὺνατ’</em></span> <span class='ocrx_word' id='word_1_210' title='bbox 829 2569 976 2631; x_wconf 71' lang='grc' dir='ltr'><em>ὥσπερ</em></span> <span class='ocrx_word' id='word_1_211' title='bbox 989 2573 1232 2630; x_wconf 73' lang='grc' dir='ltr'><em>μειαγωγὸς</em></span> <span class='ocrx_word' id='word_1_212' title='bbox 1248 2601 1303 2608; x_wconf 90' lang='lat'><em>——</em></span> <span class='ocrx_word' id='word_1_213' title='bbox 1328 2570 1519 2617; x_wconf 78' lang='grc' dir='ltr'><em>Ἐστιιιῖν</em></span> 
     </span>
     <span class='ocr_line' id='line_1_32' title="bbox 47 2642 1514 2701; baseline -0.004 -12"><span class='ocrx_word' id='word_1_214' title='bbox 47 2645 124 2698; x_wconf 79' lang='grc' dir='ltr'><em>τῆς</em></span> <span class='ocrx_word' id='word_1_215' title='bbox 152 2646 279 2689; x_wconf 77' lang='grc' dir='ltr'><em>τοῦδε</em></span> <span class='ocrx_word' id='word_1_216' title='bbox 316 2646 437 2698; x_wconf 84' lang='grc' dir='ltr'><em>νίκης</em></span> <span class='ocrx_word' id='word_1_217' title='bbox 467 2642 641 2688; x_wconf 71' lang='grc' dir='ltr'><em>πλειόν’</em></span> <span class='ocrx_word' id='word_1_218' title='bbox 674 2643 852 2689; x_wconf 76' lang='grc' dir='ltr'><em>ἑλκύσαι</em></span> <span class='ocrx_word' id='word_1_219' title='bbox 888 2643 1112 2701; x_wconf 83' lang='grc' dir='ltr'><em>σταθμόν.</em></span> <span class='ocrx_word' id='word_1_220' title='bbox 1160 2673 1214 2680; x_wconf 83' lang='lat'><em>--</em></span> <span class='ocrx_word' id='word_1_221' title='bbox 1271 2646 1342 2688; x_wconf 80' lang='lat' dir='ltr'><em>Vs.</em></span> <span class='ocrx_word' id='word_1_222' title='bbox 1373 2645 1400 2685; x_wconf 79' lang='lat'>2</span> <span class='ocrx_word' id='word_1_223' title='bbox 1429 2643 1514 2684; x_wconf 82' lang='lat' dir='ltr'><strong>for-</strong></span> 
     </span>
     <span class='ocr_line' id='line_1_33' title="bbox 48 2710 1418 2776; baseline -0.003 -16"><span class='ocrx_word' id='word_1_224' title='bbox 48 2722 158 2761; x_wconf 71' lang='lat' dir='ltr'><strong>tas-e</strong></span> <span class='ocrx_word' id='word_1_225' title='bbox 186 2721 457 2764; x_wconf 78' lang='lat' dir='ltr'><strong>scribendum</strong></span> <span class='ocrx_word' id='word_1_226' title='bbox 486 2718 531 2759; x_wconf 83' lang='grc' dir='ltr'><em>οἱ</em></span> <span class='ocrx_word' id='word_1_227' title='bbox 560 2714 782 2776; x_wconf 66' lang='grc' dir='ltr'><em>φράτερες,</em></span> <span class='ocrx_word' id='word_1_228' title='bbox 815 2719 896 2761; x_wconf 83' lang='lat' dir='ltr'><strong>vid.</strong></span> <span class='ocrx_word' id='word_1_229' title='bbox 928 2710 1162 2762; x_wconf 62' lang='lat' dir='ltr'><strong>comment.</strong></span> <span class='ocrx_word' id='word_1_230' title='bbox 1191 2731 1234 2773; x_wconf 82' lang='lat' dir='ltr'><em>p.</em></span> <span class='ocrx_word' id='word_1_231' title='bbox 1264 2717 1347 2758; x_wconf 78' lang='lat'><em>107</em></span> <span class='ocrx_word' id='word_1_232' title='bbox 1376 2717 1418 2756; x_wconf 85' lang='lat'><em>8.</em></span> 
     </span>
    </p>
   </div>
  </div>
 </body>
</html>
