1716 3164
282 195 551 241 QEEMOffl
560 191 955 241 οΡΙΑΖοΥΣΑΙ
985 200 1064 241 ΑΕ
1072 200 1302 246 YTEPAI.
1418 196 1531 250 1075

10 371 11 381 ἵ
58 328 146 357 ram
174 327 344 367 capere:
376 314 481 355 aliae
513 313 621 354 enim
652 315 851 367 temporis
882 319 1004 356 notae
1033 329 1115 356 non
1141 319 1419 370 reperiuntur,
1449 322 1531 363 nisi

59 385 168 438 qnod
200 386 268 425 Fr.
287 385 343 425 lx
374 390 499 438 poeta
528 386 620 425 risit
639 386 849 440 Euripidis
865 387 1100 439 Antiopem,
1130 389 1204 427 sed
1228 401 1309 440 quo
1340 394 1530 444 tempore

58 456 163 496 haec
185 457 397 509 tragoedia
428 457 549 496 docta
579 456 644 505 sit,
674 469 756 495 non
788 462 926 508 potest
955 458 1053 496 satis
1084 463 1198 497 certo
1220 459 1398 501 definiri.
1441 462 1527 503 Iam

57 528 331 579 posteriorem
354 526 484 567 fuisse
513 527 620 566 hanc
650 527 904 566 comoediam
937 540 1108 581 necesse
1141 533 1215 578 est,
1248 530 1320 569 sed
1352 534 1398 571 ut
1427 533 1530 574 mihi

58 598 222 648 quidem
254 599 419 638 videtur
448 602 581 637 aetate
610 597 860 649 proximam,
902 609 994 636 cum
1030 597 1141 637 illius
1173 601 1413 641 comoediae
1443 616 1531 644 me-

57 669 188 707 moria
218 669 398 714 nondum
430 668 665 708 oblitterata
695 672 765 707 aut
795 667 961 719 penitus
992 669 1192 708 exstincta
1222 675 1346 710 esset.
1396 674 1533 725 Atque

58 738 186 790 ipsius
217 751 381 791 quoque
410 739 577 778 fabulae
607 738 809 790 reliquiae
840 742 1017 791 arguunt
1034 739 1239 780 diversam
1268 739 1399 781 fuisse
1422 742 1531 784 hanc

59 808 268 859 fabulam,
317 809 374 848 ita
416 814 551 850 tamen
590 815 636 849 ut
672 822 766 849 cum
808 809 937 848 altera
975 810 1046 849 illa
1077 811 1325 850 necessitate
1355 813 1532 864 quadam

60 880 249 933 copulata
280 879 428 920 fuerit:
468 885 511 920 et
539 881 700 933 priores
731 880 897 932 quidem
930 880 1390 932 Thesmophoriazusae
1418 884 1533 925 refe-

58 950 214 990 rendae
250 955 344 989 sunt
384 951 435 989 ad
473 951 618 991 ieiunii
650 951 784 998 diem,
809 946 1069 997 -Νηστεὶαν,
1110 951 1191 991 vid.
1222 964 1259 991 v.
1290 953 1346 992 80
1390 954 1533 1006 ibique

58 1020 205 1069 schol„
235 1020 366 1059 altera
396 1025 533 1060 autem
551 1020 766 1061 comoedia
790 1020 968 1072 pertinet
999 1021 1050 1059 ad
1082 1021 1206 1069 diem,
1236 1023 1306 1072 qui
1335 1023 1535 1065 ieiunium

57 1091 243 1143 proxime
272 1090 525 1143 insequitur,
557 1093 607 1131 ad
642 1087 979 1141 Καλλιγένειαν,
1015 1092 1056 1130 id
1090 1093 1199 1143 quod
1239 1091 1336 1131 satis
1375 1093 1534 1145 liquido

59 1162 299 1201 conficimus
339 1175 389 1202 ex
418 1163 635 1203 scholiasta
667 1162 974 1213 Thesmophor.
1007 1176 1043 1202 v.
1075 1163 1182 1201 299:
1220 1160 1536 1220 Καλλιγενείᾳ)

60 1228 234 1284 δαίμων
263 1232 362 1285 περὶ
391 1229 474 1283 τὴν
488 1230 739 1286 Δήμητραν,
772 1227 834 1281 ἣν
865 1231 1308 1286 προλογίζουσαν
1336 1232 1390 1273 ἐν
1419 1234 1536 1284 ταῖς

60 1300 272 1356 ἑτέραις
317 1299 919 1358 Θεσμοφοριαζούσαις
959 1300 1241 1354 ἐποίησεν,
1285 1305 1392 1346 adde
1424 1306 1538 1347 Pho-

59 1375 160 1415 tium
191 1389 231 1428 p.
265 1375 347 1415 127
378 1376 427 1414 9:
470 1373 808 1427 Καλλιγένειαν·
846 1370 1188 1426 Ἀπολλόδωρος
1218 1375 1300 1426 μὲν
1330 1372 1410 1424 τὴν
1439 1375 1536 1428 γῆν,

59 1443 102 1484 οἱ
139 1442 185 1484 δὲ
222 1441 324 1492 Διὸς
358 1444 432 1483 καὶ
473 1439 702 1499 Δήμητρος
741 1444 993 1499 θυγατέρα·
1046 1439 1383 1497 Ἀριστοφάνης
1427 1444 1474 1485 δὲ
1512 1443 1536 1486 ὁ

59 1512 248 1569 κωμικὸς
288 1515 472 1571 τροᾳόν.
538 1518 663 1570 Atqui
703 1520 1026 1556 consentaneum
1067 1519 1131 1554 est
1161 1521 1325 1567 poetam
1356 1517 1539 1570 Callige-

59 1587 169 1629 niam
200 1588 320 1627 deam
351 1602 400 1629 eo
431 1589 521 1642 ipso
554 1590 643 1639 die,
674 1588 746 1639 qui
776 1588 826 1626 ab
859 1587 928 1625 illa
959 1598 1109 1625 nomen
1141 1587 1320 1637 accepit,
1363 1588 1539 1639 loquen-

61 1667 146 1702 tem
177 1661 400 1701 induxisse.
460 1661 715 1713 Calligeniae
745 1663 884 1698 autem
915 1657 983 1696 die
1013 1656 1231 1705 mulieres,
1254 1652 1424 1697 ‘ieiunio
1453 1658 1540 1699 fes·

63 1746 163 1782 sae,
200 1732 312 1772 lauta
343 1743 459 1771 sacra
490 1731 568 1770 diis
600 1730 855 1778 offerebant,
893 1727 1158 1778 laetitiaeque
1189 1732 1231 1766 et
1260 1728 1558 1780 voluptatibus.¹

62 1803 346 1856 indulgebant,
377 1802 459 1841 vid.
491 1801 689 1854 Alciphro
721 1801 807 1841 111:
846 1799 919 1838 καὶ
956 1794 1061 1849 ἡμῖν
1097 1794 1268 1836 ἑστῶσα
1292 1795 1541 1850 σεμνοτάτη

64 1871 152 1914 τῶν
174 1869 476 1926 Θεσμοφοριῦν
504 1866 644 1925 ἑορτή.
676 1866 703 1920 ἡ
733 1871 813 1922 μὲν
842 1867 925 1922 γὰρ
949 1866 1143 1916 ”Ανοόος
1173 1864 1287 1908 κατὰ
1311 1868 1392 1918 τὴν
1420 1864 1543 1923 πρῶ-,-

62 1956 145 1993 την
173 1942 349 1996 γέγονεν
378 1938 566 1996 ἡμέραν,
602 1938 628 1990 ἡ
659 1938 858 1989 Mareia
901 1941 946 1980 δὲ
976 1937 1090 1980 κατα
1129 1937 1181 1978 τὸ
1211 1935 1401 1994 τήμερον
1428 1930 1544 1981 εἶναι

3 2041 5 2044 .
62 2008 172 2068 παρ’
214 2008 493 2063 Ἀθηναίοις
538 2004 802 2066 ἶορτάζεται,
857 2011 919 2050 τὰ
964 2009 1317 2062 καλλιγένεια
1366 2009 1422 2050 δὲ
1466 2004 1543 2059 εἷς
1568 2052 1584 2061 1,

62 2082 166 2134 τὴν
195 2082 468 2124 ἐπιοῦσαν
497 2079 707 2124 θύουσιν.
742 2084 819 2124 His
848 2085 977 2137 igitur
1006 2083 1218 2123 sacrificiis
1249 2094 1419 2135 operam
1442 2082 1542 2124 dan·
1574 2092 1587 2097 ’

63 2152 128 2197 tes
158 2151 353 2196 mulieres
379 2160 504 2209 poeta
533 2155 664 2203 finxit,
697 2168 828 2207 eaque
857 2155 1037 2208 imagine
1066 2155 1125 2193 ita
1154 2166 1252 2192 usus
1284 2156 1360 2202 est,
1390 2157 1437 2192 ut
1465 2165 1543 2205 po-

8 2261 9 2264 ,
65 2227 265 2267 tissimum
302 2221 505 2266 luxuriam
544 2225 848 2278 delicatamque
880 2226 1101 2265 mulierum
1132 2224 1256 2263 vitam
1287 2222 1541 2274 perstringe-

66 2303 152 2336 ret:
193 2297 234 2336 in
276 2297 355 2336 hac
393 2297 502 2335 enim
546 2296 803 2347 potissimum
845 2309 890 2334 re
922 2293 1154 2346 argumenti
1191 2305 1350 2332 summa
1379 2296 1542 2333 versata

67 2371 154 2415 est,
197 2371 244 2406 ut
273 2367 412 2406 videas
445 2365 659 2415 utriusque
689 2365 929 2402 comoediae
961 2364 1169 2402 diversum
1210 2361 1340 2401 fuisse
1378 2363 1541 2402 institu-

67 2443 168 2477 tum.
228 2437 335 2476 Nolo
366 2448 476 2476 nunc
503 2436 622 2487 plura
651 2435 704 2474 de
735 2433 1161 2485 'l'hesmophoriorum
1194 2433 1441 2472 solennitate
1470 2433 1542 2472 ad-

67 2507 191 2556 dere,
229 2508 282 2546 de
313 2508 461 2558 quibus
492 2511 659 2558 praeter
689 2505 793 2544 alios
824 2505 923 2543 dixit
954 2504 1234 2551 FritzschiuS,
1273 2504 1343 2554 qui
1381 2502 1434 2542 de
1462 2503 1542 2543 hac

66 2578 156 2631 ipsa
194 2577 335 2633 fabula
371 2577 623 2630 singularem
661 2575 824 2627 scripsit
862 2575 1255 2615 commentationem
1294 2573 1543 2620 (Rostochii

69 2648 215 2698 1831).

1173 2792 1277 2830 68⁴¹
