1716 3164
687 152 779 197 ΚΩ
788 154 1016 201 ΚΑΛΟΣ.
1471 160 1584 202 1089

106 274 269 319 Διἰτοῐί
305 272 540 314 tribuntur:
588 270 664 312 καὶ
705 265 819 313 οὕτω
855 267 1095 326 μετήλλαξε
1137 268 1214 312 τὸν
1254 269 1378 325 βίον,
1424 271 1591 323 παῖδας

103 340 357 386 καταλιπών
396 342 529 399 τρεῖς,
573 339 802 384 Φίλιππον
840 339 1076 397 ὁμώνυμον
1114 341 1174 399 τῷ
1203 338 1370 401 πάππῳ
1398 343 1474 385 καὶ
1503 343 1590 386 Νι-

103 411 348 469 κόστρατον
377 414 453 455 καὶ
478 410 723 468 Ἀραρότα,
756 411 828 454 δι’
858 405 911 454 οὗ
939 414 1016 454 καὶ
1045 409 1218 464 ἐδίδαξε
1252 413 1331 455 τὸν
1362 413 1584 458 Πλοῦτον,

103 488 157 528 At
195 491 240 526 ut
279 487 360 527 vita
399 487 470 526 illa
500 486 677 538 turpiter
716 486 967 539 interpolata
998 490 1082 534 est,
1121 487 1178 526 ita
1215 486 1339 526 etiam
1374 487 1443 528 hic
1472 487 1591 530 locus

103 559 241 598 labem
274 559 450 610 aliquam
482 557 710 596 contraxit:
740 557 978 610 perpendas
1006 557 1114 597 enim
1140 559 1273 597 totum
1301 558 1439 597 locum
1469 571 1591 599 accu-

103 629 232 668 ratius
281 634 323 668 et
372 628 527 668 senties
573 627 711 667 omnia
757 632 916 667 temere
966 639 1061 667 esse
1098 628 1362 680 perturbata:
1411 628 1591 680 primum

105 700 213 740 enim
252 703 396 739 auctor
434 699 506 737 ille
547 698 658 738 vitae
700 697 1035 750 Aristophaneae
1086 697 1213 737 tradit
1234 702 1419 752 §poetam
1459 698 1593 740 fracta

103 770 344 810 comoediae
386 770 579 809 libertate
626 772 669 809 et
707 772 845 808 sumtu
882 768 1099 808 imminuto
1145 767 1343 808 Cocalum
1383 769 1590 820 docuisse,

104 845 190 881 tum
220 854 362 880 rursus
407 841 575 880 licentia
616 840 797 880 coercita
840 843 882 878 et
920 839 1037 879 chori
1070 838 1268 892 dignitate
1298 839 1458 880 sublata
1490 840 1591 881 Plu-

105 916 192 951 tum
223 912 418 961 edidisse,
450 916 536 951 tum
567 911 672 950 haec
702 910 885 949 addidit:
925 908 971 948 ἐν
1003 904 1143 964 τούτῳ
1173 906 1232 964 τῷ
1262 904 1458 962 δράματι
1487 921 1593 949 συν-

104 980 260 1030 έστησε
291 980 349 1036 τῷ
381 976 548 1029 πλήθει
579 977 658 1019 τὸν
687 975 786 1019 υἱον
815 975 1054 1034 ’Λραρότω
1096 982 1214 1020 Haec
1243 993 1414 1033 prorsus
1443 981 1587 1034 inepta

103 1057 220 1093 sunt:
259 1056 430 1105 apparet
466 1055 676 1092 auctorem
714 1052 837 1092 huius
875 1051 982 1091 vitae
1013 1051 1180 1103 antiqua
1217 1051 1290 1106 illa
1323 1052 1433 1091 Pluti
1473 1052 1591 1093 dida·-

103 1124 226 1164 scalia
265 1135 383 1163 usum
425 1137 540 1172 esse,
579 1128 621 1164 et
661 1127 813 1173 tamen,
844 1123 1029 1175 quamvis
1070 1122 1135 1161 vel
1165 1122 1254 1174 ipsa
1284 1123 1591 1175 propemodum

106 1194 232 1234 verba
260 1197 435 1245 repetat,
467 1194 614 1234 mirum
647 1194 771 1242 dictu,
803 1206 972 1245 prorsus
1004 1192 1210 1233 contraria
1239 1191 1402 1245 sibique
1443 1194 1591 1234 adver-

106 1265 238 1305 santia
268 1263 452 1304 referre:
485 1264 699 1305 contendit
729 1265 838 1304 enim
870 1265 933 1304 bis
965 1263 1205 1304 comoediae
1234 1263 1444 1304 licentiam
1473 1264 1587 1306 circa

105 1338 218 1377 illam
258 1340 435 1375 aetatem
475 1335 727 1376 refrenatam
767 1348 888 1384 esse,
927 1334 1140 1374 contendit
1172 1333 1369 1374 Cocalum
1408 1335 1595 1388 priorem

106 1419 198 1447 esse
232 1407 369 1455 Pluto,
400 1410 442 1446 et
474 1406 641 1446 Plutum
672 1406 858 1445 ultimam
890 1406 1058 1446 omnino
1090 1405 1274 1445 fabulam
1307 1410 1403 1445 ante
1433 1406 1595 1447 obitum

104 1481 268 1531 poetae,
300 1476 512 1517 contendit
536 1477 856 1529 Aristophanem
887 1490 964 1529 per
998 1476 1163 1516 Plutum
1195 1475 1490 1516 commendare
1518 1489 1594 1517 vo-

104 1548 234 1589 luisse
265 1548 410 1606 filium,
441 1552 483 1588 et
512 1552 557 1588 ut
587 1561 640 1588 ne
670 1548 763 1597 hoc,
794 1559 946 1588 novum
976 1560 1075 1587 sane
1107 1551 1149 1586 et
1178 1546 1424 1596 inauditum,
1455 1546 1499 1586 in
1529 1549 1594 1587 te-

105 1619 245 1660 nebris
277 1619 516 1668 delitescat‚
554 1619 690 1659 denuo
731 1619 908 1671 repetit,
947 1631 1024 1671 per
1065 1620 1284 1659 Ararotem
1326 1616 1594 1657 commissum

109 1703 202 1730 esse
232 1690 414 1729 Plutum.
486 1689 541 1729 At
579 1689 705 1728 facile
743 1689 824 1728 hae
856 1689 1023 1740 quidem
1065 1687 1335 1728 difficultates
1368 1687 1594 1727 tolluntur:

109 1773 203 1800 nam
247 1763 420 1812 apparet
458 1763 617 1800 temere
655 1759 951 1812 interpolatum
991 1772 1084 1798 esse
1125 1758 1242 1798 illum
1286 1758 1448 1807 locum,
1498 1769 1594 1798 cum

113 1843 220 1884 quae
252 1831 384 1870 lector
414 1830 558 1882 aliquis
589 1830 719 1869 multo
749 1834 843 1882 post
874 1829 1047 1882 margini
1079 1828 1388 1881 adscdpsisset,
1419 1840 1497 1883 per
1527 1840 1595 1868 er-

107 1913 246 1941 rorem
275 1901 566 1953 irrepsissent:
596 1900 652 1939 ita
683 1900 792 1939 enim
823 1900 928 1940 haec
960 1899 1249 1939 constituenda
1279 1902 1398 1939 sunt:

105 1965 303 2021 Ἐγένετο
343 1966 389 2008 δὲ
427 1968 503 2008 καὶ
540 1967 680 2017 αἴτιος
708 1965 1014 2019 ζὴλουΊΙαλιν
1069 1966 1115 2008 δὲ
1167 1963 1468 2016 ἐκλελοιπότος
1521 1964 1599 2007 καὶ

107 2039 198 2087 τοῖς
226 2037 339 2087 νέοις
374 2039 601 2092 κωμικοῖς,
643 2038 751 2092 λέγω
783 2037 837 2090 δὴ
866 2038 943 2080 τοῦ
990 2038 1194 2093 χορηγεῖν
1254 2034 1334 2078 τὸν
1387 2034 1600 2078 Πλοῦτον

111 2099 335 2164 Φιλήμονι
350 2109 425 2150 καὶ
441 2106 701 2167 Μενάνδρῳ.
743 2120 837 2166 ψη-
864 2106 1041 2165 γράψας
1069 2104 1129 2157 εἰς
1153 2106 1202 2150 τὸ
1226 2104 1599 2150 διαναπαύεσθαι

108 2177 331 2236 ᾳίσματος
371 2178 455 2236 γὰρ
489 2182 724 2236 γενομένου
757 2195 838 2236 χο-
865 2179 918 2220 τὰ
949 2178 1134 2230 σκηνικα
1165 2175 1383 2235 πρόσωπα
1419 2178 1495 2220 καὶ
1523 2192 1599 2232 με-

108 2248 308 2304 ρηγικοῦ,
358 2243 470 2290 ὥστε
514 2249 575 2304 μὴ
621 2250 839 2305 ὀνομαστὶ
864 2247 1181 2302 τεσκευάσθαι,
1198 2245 1429 2305 ἐπιγράφει
1446 2246 1597 2304 χοροῦ,

109 2316 332 2375 κωμωδεῖν
373 2332 501 2371 τινα
542 2321 616 2360 καὶ
647 2320 734 2360 τῶν
759 2334 839 2375 χο-
866 2316 1176 2375 φθεγγόμενος
1203 2317 1251 2359 ἐν
1268 2315 1450 2367 ἐκείνοις
1472 2314 1504 2359 ἑὲ
1522 2319 1602 2360 καὶ

110 2387 256 2444 ρηγῶν
295 2383 373 2428 οὐκ
416 2384 688 2444 αντεχόντων
734 2388 842 2447 πρὸς
867 2386 1036 2445 ὁρῶμεν
1063 2387 1166 2438 τούς
1183 2388 1306 2438 νέους
1330 2386 1601 2446 ἐπιγράφον-

111 2457 162 2500 τὸ
198 2458 400 2513 χορηγεῖν
433 2460 509 2500 καὶ
555 2457 843 2503 παντάπασιν
867 2474 946 2509 τας
993 2474 1131 2509 ουτως
1176 2456 1288 2515 ζήλῳ
1325 2447 1602 2517 ’Ᾰριστοφα-

110 2526 407 2587 ἐκλελοιπυίας
427 2529 504 2580 τῆς
524 2523 628 2582 υλης
649 2531 737 2573 τῶν
758 2546 841 2574 κω-
868 2543 981 2579 νους.

33 2620 35 2629 «
74 2597 288 2659 Αμῳδιῶν
341 2594 416 2640 δια
472 2597 641 2643 τούτων
682 2600 843 2655 αὐτῶν,

114 2668 258 2710 αἴτιον
287 2666 371 2726 γὰρ
389 2669 622 2728 κωμῳδίας
651 2670 702 2713 τὸ
733 2668 845 2714 σκώ-

115 2751 238 2781 πτειν
276 2735 420 2792 τινάς,
459 2737 625 2799 ἔγραψε
672 2746 847 2799 [κωμῳ-

173 2820 342 2856 Comoed.
375 2825 446 2855 ant.
1265 2815 1321 2854 69
