1716 3164
243 181 327 221 80⁰
797 182 1131 225 ΤΗΕΟΡΟΜΡΙ

242 288 422 344 ἑταιρῶν
463 287 540 338 τὰς
578 289 715 343 μέσας
757 290 1057 346 στατηριαίας.
1134 297 1402 340 Scribendum
1445 300 1606 341 videtur
1645 298 1692 340 ἐν

242 355 535 414 Καλλαίσχρῳ
579 354 663 400 πού
701 373 838 413 φησιν
876 352 1010 413 εἶναι,
1048 368 1094 404 ut
1123 364 1161 405 X
1198 366 1280 406 108
1312 361 1458 423 ὥσπερ
1494 382 1580 409 που
1616 370 1691 410 καὶ

245 424 504 480 Θεόπομπος
544 427 591 469 ἐν
628 425 852 487 Ἀλθαίᾳ.
918 434 1007 474 Nisi
1042 434 1152 475 forte
1191 436 1260 475 hic
1300 437 1559 493 Theopompi
1598 454 1689 481 ver-

239 512 308 540 sus
337 498 438 540 fuit:

466 559 530 607 05
558 580 698 621 φασιν
725 559 837 610 εἶναι
865 569 952 611 τῶν
979 568 1165 626 ἑταιρῶν
1194 573 1269 621 τὰς
1297 573 1434 627 μέσας

459 650 761 691 στατηριαιας.

237 710 352 759 Quae
382 708 434 747 de
463 709 565 748 urbe
595 709 703 748 dicta
732 709 944 759 videntur,
971 711 1012 750 in
1043 723 1122 763 qua
1152 714 1390 754 meretrices
1419 727 1564 767 magno
1593 729 1687 769 pre-

234 779 293 818 tio
323 783 465 818 noctes
495 779 749 828 vendebant,
778 783 823 818 ut
853 779 920 818 vel
950 780 1178 821 mediocres
1208 781 1395 835 (μέσαι)
1425 789 1574 825 statera
1604 788 1687 827 exi-

235 853 394 901 gerent.
452 849 589 888 Stater
627 848 719 889 fere
750 848 898 888 Laidos
926 849 1103 901 pretium
1129 850 1220 892 fuit.
1282 853 1330 895 V.
1360 854 1573 906 Epicrates
1602 857 1686 897 An-

234 918 362 958 tilaid.
389 918 428 959 11
461 918 514 958 12
544 923 585 959 et
615 920 682 961 17.

826 1068 1084 1077 ——-.

541 1233 1418 1278 KAHHAIAEEf

934 1357 966 1395 1.

446 1442 756 1500 Λεωτροφίδης
785 1439 808 1484 ὁ
840 1442 1060 1499 τρίμετρος
1086 1440 1143 1492 ὥς
1171 1439 1402 1492 Λιόντινος

446 1524 604 1584 εὕχρως
631 1544 676 1570 τε
707 1528 847 1584 φᾶναι
875 1529 949 1569 καὶ
974 1526 1138 1582 χαρίεις
1164 1522 1309 1582 ὥσπερ
1339 1525 1495 1583 νεκρός.

335 1641 565 1683 Scholiasta
594 1642 877 1696 Aristophanis
907 1644 981 1684 Av.
1014 1642 1135 1682 14⁰6.
1167 1642 1219 1682 de
1249 1643 1528 1695 Leotrophide
1557 1649 1679 1696 poeta

224 1711 546 1764 dithyrambico:
593 1710 756 1766 κοῦφος
793 1712 866 1752 καὶ
893 1709 1057 1766 χλωρὸς
1085 1701 1152 1761 ἦν,
1196 1707 1253 1759 ὠς
1292 1710 1475 1751 ἐοικέναι
1510 1708 1676 1766 ὄρνιθι.

228 1778 487 1834 Θεόπομπος
532 1780 576 1821 δὲ
606 1780 652 1821 ἐν
681 1782 776 1829 ταῖς
807 1779 1034 1831 Καπηλίσι
1061 1778 1373 1835 Λεωτροφίδης
1402 1778 1426 1821 ὁ
1457 1779 1678 1836 τρίμετρος

221 1849 313 1894 κτλ.
371 1853 450 1893 Th.
481 1853 682 1905 Bergkius
712 1854 941 1893 Comment.
972 1868 1012 1906 p.
1036 1854 1117 1893 407
1149 1853 1349 1900 tentabat,
1373 1847 1431 1898 ώς
1458 1847 1677 1902 Λεόντιος,

220 1916 377 1975 εὕχρως
405 1917 624 1960 τεθνάναι
652 1934 697 1960 τε
726 1921 799 1960 καὶ
830 1928 909 1962 etc.
940 1923 1253 1963 constructionis
1282 1922 1439 1961 ratione
1456 1924 1555 1963 mihi
1585 1925 1674 1975 qui-

220 1991 316 2032 dem
345 2005 427 2032 non
456 1992 677 2032 intellecta.
743 1993 804 2032 De
833 1992 1006 2044 Leontio
1034 1992 1143 2031 idem
1172 1991 1305 2042 ssaffert
1335 1993 1516 2032 Platonis
1546 1994 1673 2033 Rem-

219 2062 332 2115 publ.
366 2061 422 2103 lv
451 2076 490 2114 p.
520 2062 603 2101 439
621 2075 658 2102 e.
697 2062 768 2101 ubi
808 2062 984 2102 hominis
1024 2063 1237 2102 curiositas
1276 2063 1318 2102 in
1349 2064 1673 2116 contemplandis

218 2137 474 2172 mortuorum
504 2132 770 2172 cadaveribus
800 2135 975 2172 notatur.
1015 2133 1134 2183 Quod
1163 2137 1299 2172 tamen
1329 2133 1381 2172 ad
1411 2133 1672 2186 Theopompi

216 2202 356 2242 locum
385 2201 452 2242 vix
479 2202 778 2242 accommodari
806 2205 956 2254 potest.
1031 2202 1076 2242 ln
1109 2214 1153 2239 τε
1183 2200 1325 2255 φᾶναι
1352 2202 1527 2242 fortasse
1569 2204 1671 2244 latet

217 2267 474 2324 πεφάνθαι,
518 2272 742 2312 infinitivus
779 2277 825 2312 ut
863 2285 887 2311 a
922 2272 1047 2312 verbo
1085 2272 1263 2324 pendeat
1301 2272 1411 2325 quod
1455 2272 1672 2313 scholiasta

216 2343 366 2383 omisit.
423 2342 513 2383 Nec
541 2337 763 2396 τρέμει-ρος
791 2353 934 2382 sanum
963 2341 1102 2382 credo.

917 2463 969 2502 Π.

441 2547 858 2607 Ἐλεᾳαντοκώπους
887 2546 1208 2605 ξιφομαχαίρας
1236 2544 1265 2599 ἢ
1294 2544 1413 2604 δόρη.

325 2655 474 2695 Pollux
507 2654 722 2696 V11158:
769 2647 1068 2707 ξιφομάχαιρα
1112 2648 1139 2702 ἡ
1182 2649 1346 2706 μεγάλη
1385 2648 1578 2707 μάχαιρα
1622 2650 1668 2692 ἒν

219 2719 483 2778 Θεοπόμπου
512 2719 767 2772 Καπηλίσιν
792 2718 1211 2780 Ἐλεφαντοκώπους
1239 2721 1328 2764 κτλ.
1367 2724 1533 2766 IdemX
1562 2724 1665 2765 145:
