1716 3164
204 314 292 344 των
318 300 363 341 ἓν
391 295 466 340 Διὶ
485 295 735 351 κακουμένῳ
764 293 857 335 τόν
896 290 1132 335 κότυλον
1169 294 1324 352 φέρει
1354 292 1503 352 φησίν.
1562 296 1654 340 Vid.

209 370 421 426 Fragm.1
452 370 491 407 9.

901 421 970 461 1V.

374 502 467 546 Καί
497 517 562 544 τοι
591 504 760 559 φορεῖτε
788 502 983 556 γλῶτταν
1011 500 1057 542 ἐν
1085 497 1380 555 ὑποδήμασιν,

204 194 284 236 632.
324 210 329 213 -
793 185 1069 228 PLAToNJs
1665 130 1716 596 ἱ

1688 593 1705 663 ¹³3

375 584 684 642 στεφανοῦσθ’
716 584 1044 640 ὑπογλωττίσιν,
1074 580 1182 627 ὅταν
1211 582 1363 635 πίνητέ
1392 599 1492 635 που,

376 667 457 713 κᾶν
485 670 746 726 καλλιερῆτε,
777 670 972 725 γλῶτταν
1002 666 1185 722 ἀγαθὴν
1215 668 1413 719 πέμπετε.

323 764 560 805 Athenaeus
589 761 665 803 XV
696 777 734 815 p.
765 763 906 801 own:
944 755 1019 798 διὰ
1058 757 1102 797 δὲ
1133 755 1212 807 τὴν
1242 756 1326 806 σὴν
1349 755 1552 809 γλῶσσαν
1580 753 1696 807 τῆς
1710 763 1713 774 ·

208 829 527 885 ὑπογλωττίδος
561 825 906 882 μνησθήσομαι,
945 818 996 876 ἧς
1035 822 1225 866 Πλάτων
1261 823 1465 879 ἐμνήσθη
1509 826 1554 866 ἐν
1591 826 1660 870 Διΐ
1714 854 1715 870 ;

210 902 458 956 κακουμένῳ
489 896 581 939 Καί
610 913 677 939 τοι
706 899 874 953 φορεῖτε
902 896 992 938 κτλ.
1067 898 1136 937 Vs.
1167 896 1186 935 1
1234 897 1326 935 libri
1356 895 1569 947 γλῶσσαν.
1608 917 1662 939 -,-

211 975 283 1017 Vs.
315 976 340 1012 2
386 965 627 1024 στεφάνους
668 965 710 1007 δ’
745 970 851 1009 libri.
921 969 1084 1020 Optime
1122 966 1530 1018 Schweighaeuserus
1570 981 1664 1008 στε·
1715 990 1716 995 =

213 1039 449 1096 φανοῦσθε
481 1034 539 1089 δ’,
571 1040 646 1078 nisi
678 1039 785 1091 quod
815 1042 976 1091 poterat
1005 1037 1137 1076 lenius
1168 1032 1489 1087 στεφανοῦσθ’,
1520 1042 1564 1077 ut
1593 1052 1664 1079 vo-

215 1113 294 1154 luit
324 1112 531 1150 Personus
562 1109 681 1149 Misc.
712 1123 750 1160 p.
783 1109 850 1148 44.
917 1107 1072 1146 Ibidem
1108 1110 1212 1146 ante.
1231 1106 1662 1160 Schweighaeuserum

219 1174 292 1223 ὅτε
322 1194 395 1232 pro
427 1172 545 1226 ὅταν,
578 1180 692 1218 cuius
723 1179 825 1217 haec
856 1181 918 1216 est
946 1177 996 1215 ad
1024 1176 1067 1215 11.
1096 1176 1124 1215 l.
1155 1178 1374 1217 annotatio.
1422 1178 1511 1226 „De
1542 1180 1666 1232 hypo-

215 1250 398 1306 glottide
437 1248 545 1299 quod
587 1247 653 1286 hic
693 1259 741 1286 ex
771 1246 993 1285 Theodoro
1031 1246 1293 1298 grammatico
1331 1246 1538 1296 adfertur,
1576 1261 1667 1290 esse

214 1332 347 1373 gemas
377 1317 581 1371 quoddam
609 1328 738 1355 nexus
767 1328 1032 1363 coronarum,
1061 1314 1103 1353 id
1133 1319 1208 1362 est,
1238 1315 1435 1355 rationem
1468 1319 1666 1368 quandam

216 1387 409 1429 nectendi
445 1399 639 1426 coronas:
680 1385 722 1423 id
759 1385 960 1435 repetitur
989 1397 1028 1435 p.
1059 1384 1141 1423 678
1159 1383 1197 1422 d.
1243 1384 1312 1423 ubi
1358 1390 1570 1435 monetur,
1616 1401 1666 1432 ex

215 1458 389 1498 aliorum
424 1455 761 1507 interpretatione
791 1440 1115 1507 hyPoglottidem
1151 1453 1231 1491 dici
1262 1466 1436 1494 coronae
1465 1457 1667 1507 quoddam

215 1538 368 1580 genus:
416 1529 515 1577 puta
554 1536 745 1564 coronam
785 1536 835 1562 ex
870 1522 1148 1575 hypogloss03
1193 1535 1271 1573 qua
1310 1524 1360 1562 de
1397 1525 1533 1575 planta
1574 1528 1668 1569 vide

217 1596 395 1639 Plinium
427 1594 582 1636 XXVII
614 1594 663 1634 ll
695 1594 749 1633 67
779 1592 924 1635 etXV
953 1592 1007 1631 30
1037 1592 1091 1631 39
1120 1591 1256 1643 ibique
1285 1592 1583 1636 Harduinum.''

858 1714 909 1755 V,
968 1713 1040 1755 Vl.

386 1796 591 1851 Γλώττής
621 1798 798 1853 ἀγαθῆς
825 1797 901 1841 οὐκ
932 1796 1025 1841 ἔστ’
1057 1796 1238 1854 ἄμεινον
1267 1798 1366 1843 οὐδὲ
1395 1800 1452 1844 ἕν.

492 1886 510 1907 t
795 1885 813 1906 ὁ
1097 1888 1115 1908 t
1399 1887 1418 1907 *

383 1964 452 2007 ‘H
482 1965 649 2019 γλῶττα
681 1963 869 2021 δύναμιν
898 1964 997 2015 τοὺς
1026 1963 1181 2020 λόγους
1209 1963 1433 2018 ἐκτήσατο,

389 2048 434 2091 ἐκ
463 2048 549 2091 τῶν
576 2046 716 2103 λόγων
746 2047 794 2090 δ’
825 2044 921 2090 ἅττ’
955 2047 1086 2099 αὐτὸς
1115 2049 1345 2104 ἐπιθυμεῖς
1373 2048 1492 2104 ἔχεις.

336 2162 462 2203 0τίοη
494 2177 516 2202 a
546 2164 855 2204 Schneidewino
880 2164 1012 2203 editus
1044 2178 1085 2216 p.
1116 2165 1172 2204 42
1204 2164 1282 2205 172
1312 2162 1358 2203 ἐκ
1386 2159 1486 2210 Διὸς
1514 2162 1672 2202 καλου-

225 2229 357 2282 μένου
387 2233 501 2283 (sic)
531 2227 770 2279 Πλάτωνος
805 2231 994 2284 κωμικοῦ
1022 2229 1228 2281 Γλώττης
1257 2259 1310 2267 -
1351 2231 1447 2272 οὐδὲ
1484 2231 1542 2274 ἔν.
1600 2230 1674 2272 ’Ex

225 2298 303 2338 τοῦ
331 2298 468 2340 αὐτοῦ
496 2296 717 2354 δράματος
743 2297 798 2342 'H
825 2300 993 2352 γλῶττα
1024 2298 1212 2354 δύναμιν
1239 2301 1328 2342 κτλ.
1400 2305 1519 2355 Quod
1555 2316 1674 2343 versu

226 2370 358 2420 primo
387 2370 537 2422 legitur
566 2365 665 2408 οὐδὲ
695 2368 750 2418 ἕν,
782 2373 948 2413 accedat
977 2373 1171 2425 exemplis
1208 2373 1257 2412 ab
1286 2373 1483 2412 Elmsleio
1513 2374 1553 2412 in
1581 2386 1676 2412 cen-

228 2450 322 2477 sura
353 2440 548 2479 Hecubae
577 2441 747 2481 Porson.
778 2455 818 2492 p.
849 2441 930 2480 257
961 2442 1025 2482 ed.
1058 2443 1169 2494 Lips.
1201 2443 1403 2490 collectis;
1434 2453 1675 2492 quamquam

228 2507 411 2548 Platonis
443 2506 548 2555 Ζεὺς
577 2505 836 2561 κακούμενος
875 2510 1050 2550 fortasse
1089 2512 1382 2562 posterioribus
1412 2511 1499 2550 eius
1528 2510 1676 2550 fabulis

231 2579 557 2618 annumerandus
598 2584 672 2619 est.
731 2580 930 2622 Consulto
963 2581 1183 2621 Elmsleius
1212 2580 1536 2632 praetermisisse
1565 2580 1677 2619 vide-

230 2648 302 2685 tur.
327 2645 553 2686 Philonidis
582 2648 716 2688 locum
735 2663 775 2702 p.
791 2649 895 2690 425:
925 2642 1086 2689 ἅπαντ’
1119 2645 1262 2702 ἐρίζεις
1290 2649 1366 2689 καὶ
1394 2648 1552 2694 συνιεὶς
1580 2643 1676 2686 οὐδὲ

236 2711 294 2756 ἓν.
316 2715 508 2757 'Eandem
538 2715 710 2759 formam
739 2719 955 2761 restituere
986 2723 1152 2761 conatu·
1181 2731 1269 2761 sum
1298 2719 1534 2760 Pherecrati
1565 2719 1679 2773 Myr-
