<?xml version="1.0" encoding="UTF-8"?>
<!DOCTYPE html PUBLIC "-//W3C//DTD XHTML 1.0 Transitional//EN"
    "http://www.w3.org/TR/xhtml1/DTD/xhtml1-transitional.dtd">
<html xmlns="http://www.w3.org/1999/xhtml" xml:lang="en" lang="en">
 <head>
  <title>
</title>
<meta http-equiv="Content-Type" content="text/html;charset=utf-8" />
  <meta name='ocr-system' content='tesseract 3.04.00' />
  <meta name='ocr-capabilities' content='ocr_page ocr_carea ocr_par ocr_line ocrx_word'/>
</head>
<body>
  <div class='ocr_page' id='page_1' title='image "./fragmentacomicor02meinuoft_0516.png"; bbox 0 0 1716 3164; ppageno 0'>
   <div class='ocr_carea' id='block_1_1' title="bbox 199 177 1123 222">
    <p class='ocr_par' dir='ltr' id='par_1_1' title="bbox 199 177 1123 222">
     <span class='ocr_line' id='line_1_1' title="bbox 199 177 1123 222; baseline -0.001 0"><span class='ocrx_word' id='word_1_1' title='bbox 199 177 309 222; x_wconf 78' lang='lat'>1114</span> <span class='ocrx_word' id='word_1_2' title='bbox 715 179 1123 222; x_wconf 83' lang='lat' dir='ltr'><strong>ARlSTOPHANIS</strong></span> 
     </span>
    </p>
   </div>
   <div class='ocr_carea' id='block_1_2' title="bbox 175 291 1638 2066">
    <p class='ocr_par' dir='ltr' id='par_1_2' title="bbox 175 291 1638 1658">
     <span class='ocr_line' id='line_1_2' title="bbox 197 291 1635 345; baseline 0.003 -12"><span class='ocrx_word' id='word_1_3' title='bbox 197 293 370 335; x_wconf 83' lang='lat' dir='ltr'>Versum</span> <span class='ocrx_word' id='word_1_4' title='bbox 407 291 516 332; x_wconf 79' lang='lat'><strong>1037</strong></span> <span class='ocrx_word' id='word_1_5' title='bbox 555 294 597 331; x_wconf 88' lang='lat' dir='ltr'><strong>et</strong></span> <span class='ocrx_word' id='word_1_6' title='bbox 623 303 711 343; x_wconf 85' lang='lat' dir='ltr'><strong>sqq.</strong></span> <span class='ocrx_word' id='word_1_7' title='bbox 752 291 1000 343; x_wconf 73' lang='lat' dir='ltr'><strong>interpretes</strong></span> <span class='ocrx_word' id='word_1_8' title='bbox 1039 295 1082 331; x_wconf 91' lang='lat' dir='ltr'><strong>et</strong></span> <span class='ocrx_word' id='word_1_9' title='bbox 1120 293 1273 345; x_wconf 84' lang='lat' dir='ltr'><strong>antiqui</strong></span> <span class='ocrx_word' id='word_1_10' title='bbox 1310 299 1350 335; x_wconf 89' lang='lat' dir='ltr'><strong>et</strong></span> <span class='ocrx_word' id='word_1_11' title='bbox 1387 297 1635 336; x_wconf 75' lang='lat' dir='ltr'><strong>recentiores</strong></span> 
     </span>
     <span class='ocr_line' id='line_1_3' title="bbox 196 360 1635 417; baseline 0.003 -16"><span class='ocrx_word' id='word_1_12' title='bbox 196 374 336 402; x_wconf 87' lang='lat' dir='ltr'><strong>omnes</strong></span> <span class='ocrx_word' id='word_1_13' title='bbox 365 361 652 401; x_wconf 86' lang='lat' dir='ltr'><strong>intellexerunt</strong></span> <span class='ocrx_word' id='word_1_14' title='bbox 682 360 733 399; x_wconf 90' lang='lat' dir='ltr'><strong>de</strong></span> <span class='ocrx_word' id='word_1_15' title='bbox 764 360 932 400; x_wconf 86' lang='lat' dir='ltr'><strong>Socrate</strong></span> <span class='ocrx_word' id='word_1_16' title='bbox 965 361 1134 413; x_wconf 88' lang='lat' dir='ltr'><strong>eiusque</strong></span> <span class='ocrx_word' id='word_1_17' title='bbox 1165 362 1396 414; x_wconf 80' lang='lat' dir='ltr'><strong>discipulis,</strong></span> <span class='ocrx_word' id='word_1_18' title='bbox 1435 367 1503 417; x_wconf 91' lang='lat' dir='ltr'><strong>qui</strong></span> <span class='ocrx_word' id='word_1_19' title='bbox 1539 378 1635 406; x_wconf 91' lang='lat' dir='ltr'><strong>cau-</strong></span> 
     </span>
     <span class='ocr_line' id='line_1_4' title="bbox 195 430 1634 482; baseline 0.001 -11"><span class='ocrx_word' id='word_1_20' title='bbox 195 444 281 471; x_wconf 85' lang='lat' dir='ltr'><strong>sam</strong></span> <span class='ocrx_word' id='word_1_21' title='bbox 311 431 555 471; x_wconf 83' lang='lat' dir='ltr'><strong>deteriorem</strong></span> <span class='ocrx_word' id='word_1_22' title='bbox 585 430 804 470; x_wconf 87' lang='lat' dir='ltr'><strong>redderent</strong></span> <span class='ocrx_word' id='word_1_23' title='bbox 842 431 1057 482; x_wconf 88' lang='lat' dir='ltr'><strong>potiorem.</strong></span> <span class='ocrx_word' id='word_1_24' title='bbox 1123 431 1348 472; x_wconf 81' lang='lat' dir='ltr'><strong>Scholiasta</strong></span> <span class='ocrx_word' id='word_1_25' title='bbox 1389 435 1504 474; x_wconf 86' lang='lat' dir='ltr'><strong>dicit:</strong></span> <span class='ocrx_word' id='word_1_26' title='bbox 1545 433 1634 473; x_wconf 83' lang='grc' dir='ltr'><strong>Πέ-</strong></span> 
     </span>
     <span class='ocr_line' id='line_1_5' title="bbox 193 491 1634 556; baseline 0.002 -17"><span class='ocrx_word' id='word_1_27' title='bbox 193 511 294 554; x_wconf 82' lang='grc' dir='ltr'><em>ρυσι</em></span> <span class='ocrx_word' id='word_1_28' title='bbox 322 495 403 551; x_wconf 75' lang='grc' dir='ltr'><strong>γὰρ</strong></span> <span class='ocrx_word' id='word_1_29' title='bbox 430 494 506 545; x_wconf 84' lang='grc' dir='ltr'><strong>τὰς</strong></span> <span class='ocrx_word' id='word_1_30' title='bbox 533 496 732 552; x_wconf 75' lang='grc' dir='ltr'><strong><em>Νεφέλας</em></strong></span> <span class='ocrx_word' id='word_1_31' title='bbox 759 495 977 548; x_wconf 70' lang='grc' dir='ltr'><em>ἐδίδαξεν,</em></span> <span class='ocrx_word' id='word_1_32' title='bbox 1013 496 1059 537; x_wconf 82' lang='grc' dir='ltr'><strong>ἐν</strong></span> <span class='ocrx_word' id='word_1_33' title='bbox 1098 491 1170 546; x_wconf 83' lang='grc' dir='ltr'><strong>αἷς</strong></span> <span class='ocrx_word' id='word_1_34' title='bbox 1210 498 1307 548; x_wconf 83' lang='grc' dir='ltr'><strong>τοὺς</strong></span> <span class='ocrx_word' id='word_1_35' title='bbox 1337 502 1431 556; x_wconf 72' lang='grc' dir='ltr'><strong>περὶ</strong></span> <span class='ocrx_word' id='word_1_36' title='bbox 1459 499 1634 556; x_wconf 83' lang='grc' dir='ltr'><em>Σωκρά-</em></span> 
     </span>
     <span class='ocr_line' id='line_1_6' title="bbox 191 562 1633 625; baseline -0.002 -16"><span class='ocrx_word' id='word_1_37' title='bbox 191 580 272 618; x_wconf 83' lang='grc' dir='ltr'><strong>την</strong></span> <span class='ocrx_word' id='word_1_38' title='bbox 310 564 575 624; x_wconf 74' lang='grc' dir='ltr'><em>ἐκωμῴδησε.</em></span> <span class='ocrx_word' id='word_1_39' title='bbox 629 563 839 616; x_wconf 79' lang='grc' dir='ltr'><strong><em>ἠπιάλους</em></strong></span> <span class='ocrx_word' id='word_1_40' title='bbox 874 565 920 606; x_wconf 79' lang='grc' dir='ltr'><strong>δὲ</strong></span> <span class='ocrx_word' id='word_1_41' title='bbox 956 562 1113 615; x_wconf 82' lang='grc' dir='ltr'><em>αὐτοὺς</em></span> <span class='ocrx_word' id='word_1_42' title='bbox 1150 563 1378 622; x_wconf 68' lang='grc' dir='ltr'><em>ὠνόμασεν</em></span> <span class='ocrx_word' id='word_1_43' title='bbox 1415 565 1473 618; x_wconf 56' lang='grc' dir='ltr'><strong>εἰς</strong></span> <span class='ocrx_word' id='word_1_44' title='bbox 1500 567 1633 625; x_wconf 76' lang='grc' dir='ltr'><em>ὦχρό-</em></span> 
     </span>
     <span class='ocr_line' id='line_1_7' title="bbox 192 628 1638 692; baseline 0.002 -14"><span class='ocrx_word' id='word_1_45' title='bbox 192 651 303 688; x_wconf 75' lang='lat' dir='ltr'><strong>*tnta</strong></span> <span class='ocrx_word' id='word_1_46' title='bbox 331 633 655 692; x_wconf 78' lang='grc' dir='ltr'><em>περισκώπτων·</em></span> <span class='ocrx_word' id='word_1_47' title='bbox 684 664 736 671; x_wconf 90' lang='lat'><strong>—-</strong></span> <span class='ocrx_word' id='word_1_48' title='bbox 765 635 816 677; x_wconf 83' lang='grc' dir='ltr'><strong>τὸ</strong></span> <span class='ocrx_word' id='word_1_49' title='bbox 847 634 891 675; x_wconf 83' lang='grc' dir='ltr'><strong>δὲ</strong></span> <span class='ocrx_word' id='word_1_50' title='bbox 923 634 1020 684; x_wconf 81' lang='grc' dir='ltr'><strong>τοὺς</strong></span> <span class='ocrx_word' id='word_1_51' title='bbox 1042 637 1230 691; x_wconf 78' lang='grc' dir='ltr'><em>πατέρας</em></span> <span class='ocrx_word' id='word_1_52' title='bbox 1259 628 1392 692; x_wconf 68' lang='grc' dir='ltr'><em>ἦγχον</em></span> <span class='ocrx_word' id='word_1_53' title='bbox 1420 639 1530 692; x_wconf 75' lang='grc' dir='ltr'><em>λέγει</em></span> <span class='ocrx_word' id='word_1_54' title='bbox 1560 638 1638 681; x_wconf 65' lang='grc' dir='ltr'><strong>διὰ</strong></span> 
     </span>
     <span class='ocr_line' id='line_1_8' title="bbox 191 701 1632 758; baseline 0.002 -11"><span class='ocrx_word' id='word_1_55' title='bbox 191 705 269 747; x_wconf 84' lang='grc' dir='ltr'><strong>τὸν</strong></span> <span class='ocrx_word' id='word_1_56' title='bbox 303 701 472 757; x_wconf 72' lang='grc' dir='ltr'><em>ἥσσονα</em></span> <span class='ocrx_word' id='word_1_57' title='bbox 512 703 642 758; x_wconf 70' lang='grc' dir='ltr'><em>λόγον</em></span> <span class='ocrx_word' id='word_1_58' title='bbox 681 703 758 746; x_wconf 84' lang='grc' dir='ltr'><strong>τὸν</strong></span> <span class='ocrx_word' id='word_1_59' title='bbox 796 702 1079 758; x_wconf 80' lang='grc' dir='ltr'><em>πατραλοίαν.</em></span> <span class='ocrx_word' id='word_1_60' title='bbox 1140 709 1221 748; x_wconf 88' lang='lat' dir='ltr'><strong>Sed</strong></span> <span class='ocrx_word' id='word_1_61' title='bbox 1257 722 1347 749; x_wconf 91' lang='lat' dir='ltr'><strong>cum</strong></span> <span class='ocrx_word' id='word_1_62' title='bbox 1383 711 1632 751; x_wconf 83' lang='lat' dir='ltr'><strong>recentiores</strong></span> 
     </span>
     <span class='ocr_line' id='line_1_9' title="bbox 190 776 1631 831; baseline 0.001 -13"><span class='ocrx_word' id='word_1_63' title='bbox 190 778 367 818; x_wconf 82' lang='lat' dir='ltr'><strong>editores</strong></span> <span class='ocrx_word' id='word_1_64' title='bbox 405 778 706 829; x_wconf 83' lang='lat' dir='ltr'><strong>perspexissent</strong></span> <span class='ocrx_word' id='word_1_65' title='bbox 743 787 834 816; x_wconf 87' lang='lat' dir='ltr'><strong>cum</strong></span> <span class='ocrx_word' id='word_1_66' title='bbox 880 776 958 815; x_wconf 89' lang='lat' dir='ltr'><strong>hac</strong></span> <span class='ocrx_word' id='word_1_67' title='bbox 1006 776 1341 828; x_wconf 82' lang='lat' dir='ltr'><strong>interpretatione</strong></span> <span class='ocrx_word' id='word_1_68' title='bbox 1387 793 1467 819; x_wconf 92' lang='lat' dir='ltr'><strong>non</strong></span> <span class='ocrx_word' id='word_1_69' title='bbox 1512 793 1631 831; x_wconf 85' lang='lat' dir='ltr'><strong>posse</strong></span> 
     </span>
     <span class='ocr_line' id='line_1_10' title="bbox 189 841 1630 897; baseline -0.001 -8"><span class='ocrx_word' id='word_1_70' title='bbox 189 848 395 889; x_wconf 89' lang='lat' dir='ltr'><strong>conciliari</strong></span> <span class='ocrx_word' id='word_1_71' title='bbox 424 846 529 885; x_wconf 87' lang='lat' dir='ltr'><strong>haec</strong></span> <span class='ocrx_word' id='word_1_72' title='bbox 557 846 680 885; x_wconf 86' lang='lat' dir='ltr'><strong>verba</strong></span> <span class='ocrx_word' id='word_1_73' title='bbox 709 841 807 896; x_wconf 68' lang='grc' dir='ltr'><strong>μετ’</strong></span> <span class='ocrx_word' id='word_1_74' title='bbox 840 841 996 894; x_wconf 84' lang='grc' dir='ltr'><em>αὐτοῦ,</em></span> <span class='ocrx_word' id='word_1_75' title='bbox 1031 847 1238 897; x_wconf 84' lang='lat' dir='ltr'><strong>proposita</strong></span> <span class='ocrx_word' id='word_1_76' title='bbox 1281 852 1343 887; x_wconf 90' lang='lat' dir='ltr'><strong>est</strong></span> <span class='ocrx_word' id='word_1_77' title='bbox 1377 849 1630 888; x_wconf 85' lang='lat' dir='ltr'><strong>coniectura:</strong></span> 
     </span>
     <span class='ocr_line' id='line_1_11' title="bbox 187 911 1632 970; baseline 0.001 -15"><span class='ocrx_word' id='word_1_78' title='bbox 187 912 287 970; x_wconf 79' lang='grc' dir='ltr'><em>μετ’</em></span> <span class='ocrx_word' id='word_1_79' title='bbox 315 911 466 955; x_wconf 84' lang='grc' dir='ltr'><em>αὐτόν.</em></span> <span class='ocrx_word' id='word_1_80' title='bbox 525 915 628 955; x_wconf 88' lang='lat' dir='ltr'><strong>Mihi</strong></span> <span class='ocrx_word' id='word_1_81' title='bbox 657 927 778 963; x_wconf 88' lang='lat' dir='ltr'><strong>vero,</strong></span> <span class='ocrx_word' id='word_1_82' title='bbox 812 915 888 953; x_wconf 90' lang='lat' dir='ltr'><strong>nisi</strong></span> <span class='ocrx_word' id='word_1_83' title='bbox 917 928 940 953; x_wconf 85' lang='lat' dir='ltr'><strong>a</strong></span> <span class='ocrx_word' id='word_1_84' title='bbox 968 927 1063 954; x_wconf 82' lang='lat' dir='ltr'><strong>vera</strong></span> <span class='ocrx_word' id='word_1_85' title='bbox 1092 917 1249 955; x_wconf 89' lang='lat' dir='ltr'><strong>ratione</strong></span> <span class='ocrx_word' id='word_1_86' title='bbox 1277 929 1443 968; x_wconf 89' lang='lat' dir='ltr'><strong>prorsus</strong></span> <span class='ocrx_word' id='word_1_87' title='bbox 1473 919 1632 967; x_wconf 90' lang='lat' dir='ltr'><strong>aberro,</strong></span> 
     </span>
     <span class='ocr_line' id='line_1_12' title="bbox 187 984 1635 1039; baseline -0.001 -12"><span class='ocrx_word' id='word_1_88' title='bbox 187 988 265 1028; x_wconf 85' lang='lat' dir='ltr'><strong>ista</strong></span> <span class='ocrx_word' id='word_1_89' title='bbox 292 985 627 1037; x_wconf 77' lang='lat' dir='ltr'><strong>interpretatione</strong></span> <span class='ocrx_word' id='word_1_90' title='bbox 663 984 764 1024; x_wconf 88' lang='lat' dir='ltr'><strong>nihil</strong></span> <span class='ocrx_word' id='word_1_91' title='bbox 803 984 1032 1035; x_wconf 86' lang='lat' dir='ltr'><strong>perversius</strong></span> <span class='ocrx_word' id='word_1_92' title='bbox 1074 997 1207 1035; x_wconf 87' lang='lat' dir='ltr'><strong>neque</strong></span> <span class='ocrx_word' id='word_1_93' title='bbox 1242 985 1322 1025; x_wconf 89' lang='lat' dir='ltr'><strong>dici</strong></span> <span class='ocrx_word' id='word_1_94' title='bbox 1359 999 1492 1037; x_wconf 91' lang='lat' dir='ltr'><strong>neque</strong></span> <span class='ocrx_word' id='word_1_95' title='bbox 1529 988 1635 1039; x_wconf 48' lang='lat' dir='ltr'><strong>fingiff</strong></span> 
     </span>
     <span class='ocr_line' id='line_1_13' title="bbox 188 1053 1628 1108; baseline 0 -13"><span class='ocrx_word' id='word_1_96' title='bbox 188 1068 310 1108; x_wconf 88' lang='lat' dir='ltr'><strong>posse</strong></span> <span class='ocrx_word' id='word_1_97' title='bbox 339 1054 511 1094; x_wconf 86' lang='lat' dir='ltr'><strong>videtur.</strong></span> <span class='ocrx_word' id='word_1_98' title='bbox 565 1054 653 1093; x_wconf 82' lang='lat' dir='ltr'><strong>Etsi</strong></span> <span class='ocrx_word' id='word_1_99' title='bbox 683 1053 790 1092; x_wconf 89' lang='lat' dir='ltr'><strong>enim</strong></span> <span class='ocrx_word' id='word_1_100' title='bbox 819 1053 1092 1093; x_wconf 83' lang='lat' dir='ltr'><strong>concesserim</strong></span> <span class='ocrx_word' id='word_1_101' title='bbox 1122 1054 1162 1092; x_wconf 93' lang='lat' dir='ltr'><strong>in</strong></span> <span class='ocrx_word' id='word_1_102' title='bbox 1192 1054 1320 1094; x_wconf 83' lang='lat' dir='ltr'><strong>altera</strong></span> <span class='ocrx_word' id='word_1_103' title='bbox 1335 1056 1511 1095; x_wconf 89' lang='lat' dir='ltr'><strong>Nubium</strong></span> <span class='ocrx_word' id='word_1_104' title='bbox 1542 1057 1628 1095; x_wconf 87' lang='lat' dir='ltr'><strong>edi-</strong></span> 
     </span>
     <span class='ocr_line' id='line_1_14' title="bbox 188 1122 1628 1174; baseline 0.001 -10"><span class='ocrx_word' id='word_1_105' title='bbox 188 1125 300 1164; x_wconf 82' lang='lat' dir='ltr'><strong>tione</strong></span> <span class='ocrx_word' id='word_1_106' title='bbox 337 1123 463 1162; x_wconf 91' lang='lat' dir='ltr'><strong>multa</strong></span> <span class='ocrx_word' id='word_1_107' title='bbox 500 1123 617 1161; x_wconf 87' lang='lat' dir='ltr'><strong>aliter</strong></span> <span class='ocrx_word' id='word_1_108' title='bbox 655 1122 905 1162; x_wconf 76' lang='lat' dir='ltr'><strong>conformata</strong></span> <span class='ocrx_word' id='word_1_109' title='bbox 945 1122 1094 1170; x_wconf 81' lang='lat' dir='ltr'><strong>fuisse,</strong></span> <span class='ocrx_word' id='word_1_110' title='bbox 1133 1127 1254 1173; x_wconf 88' lang='lat' dir='ltr'><strong>atque</strong></span> <span class='ocrx_word' id='word_1_111' title='bbox 1282 1123 1322 1162; x_wconf 90' lang='lat' dir='ltr'><strong>in</strong></span> <span class='ocrx_word' id='word_1_112' title='bbox 1352 1124 1510 1174; x_wconf 90' lang='lat' dir='ltr'><strong>priore,</strong></span> <span class='ocrx_word' id='word_1_113' title='bbox 1547 1138 1628 1165; x_wconf 91' lang='lat' dir='ltr'><strong>non</strong></span> 
     </span>
     <span class='ocr_line' id='line_1_15' title="bbox 175 1190 1629 1247; baseline -0.001 -13"><span class='ocrx_word' id='word_1_114' title='bbox 175 1197 323 1247; x_wconf 63' lang='lat' dir='ltr'><strong>tamen</strong></span> <span class='ocrx_word' id='word_1_115' title='bbox 352 1197 566 1243; x_wconf 84' lang='lat' dir='ltr'><strong>tantopere</strong></span> <span class='ocrx_word' id='word_1_116' title='bbox 594 1192 806 1230; x_wconf 85' lang='lat' dir='ltr'><strong>immutata</strong></span> <span class='ocrx_word' id='word_1_117' title='bbox 835 1196 897 1230; x_wconf 91' lang='lat' dir='ltr'><strong>est</strong></span> <span class='ocrx_word' id='word_1_118' title='bbox 925 1191 995 1230; x_wconf 92' lang='lat' dir='ltr'><strong>illa</strong></span> <span class='ocrx_word' id='word_1_119' title='bbox 1025 1190 1182 1239; x_wconf 86' lang='lat' dir='ltr'><strong>fabula,</strong></span> <span class='ocrx_word' id='word_1_120' title='bbox 1219 1196 1262 1230; x_wconf 90' lang='lat' dir='ltr'><strong>ut</strong></span> <span class='ocrx_word' id='word_1_121' title='bbox 1293 1205 1315 1230; x_wconf 84' lang='lat' dir='ltr'><strong>a</strong></span> <span class='ocrx_word' id='word_1_122' title='bbox 1345 1193 1490 1243; x_wconf 90' lang='lat' dir='ltr'><strong>prioris</strong></span> <span class='ocrx_word' id='word_1_123' title='bbox 1519 1194 1629 1232; x_wconf 90' lang='lat' dir='ltr'><strong>simi-</strong></span> 
     </span>
     <span class='ocr_line' id='line_1_16' title="bbox 186 1261 1629 1314; baseline -0.001 -11"><span class='ocrx_word' id='word_1_124' title='bbox 186 1263 359 1303; x_wconf 90' lang='lat' dir='ltr'><strong>litudine</strong></span> <span class='ocrx_word' id='word_1_125' title='bbox 388 1273 553 1313; x_wconf 88' lang='lat' dir='ltr'><strong>prorsus</strong></span> <span class='ocrx_word' id='word_1_126' title='bbox 582 1261 863 1299; x_wconf 82' lang='lat' dir='ltr'><strong>abhorruerit:</strong></span> <span class='ocrx_word' id='word_1_127' title='bbox 901 1272 1034 1311; x_wconf 90' lang='lat' dir='ltr'><strong>neque</strong></span> <span class='ocrx_word' id='word_1_128' title='bbox 1063 1261 1272 1311; x_wconf 79' lang='lat' dir='ltr'><strong>probabile</strong></span> <span class='ocrx_word' id='word_1_129' title='bbox 1302 1265 1362 1300; x_wconf 90' lang='lat' dir='ltr'><strong>est</strong></span> <span class='ocrx_word' id='word_1_130' title='bbox 1391 1262 1629 1314; x_wconf 88' lang='lat' dir='ltr'><strong>Aristopha-</strong></span> 
     </span>
     <span class='ocr_line' id='line_1_17' title="bbox 184 1329 1630 1381; baseline 0.001 -10"><span class='ocrx_word' id='word_1_131' title='bbox 184 1344 303 1380; x_wconf 86' lang='lat' dir='ltr'><strong>nem,</strong></span> <span class='ocrx_word' id='word_1_132' title='bbox 341 1342 432 1370; x_wconf 87' lang='lat' dir='ltr'><strong>cum</strong></span> <span class='ocrx_word' id='word_1_133' title='bbox 462 1330 635 1381; x_wconf 88' lang='lat' dir='ltr'><strong>primum</strong></span> <span class='ocrx_word' id='word_1_134' title='bbox 666 1330 805 1369; x_wconf 88' lang='lat' dir='ltr'><strong>Nubes</strong></span> <span class='ocrx_word' id='word_1_135' title='bbox 834 1330 1021 1378; x_wconf 88' lang='lat' dir='ltr'><strong>doceret,</strong></span> <span class='ocrx_word' id='word_1_136' title='bbox 1057 1329 1235 1368; x_wconf 88' lang='lat' dir='ltr'><strong>Socratis</strong></span> <span class='ocrx_word' id='word_1_137' title='bbox 1273 1329 1492 1381; x_wconf 87' lang='lat' dir='ltr'><strong>discipulos</strong></span> <span class='ocrx_word' id='word_1_138' title='bbox 1527 1333 1630 1376; x_wconf 83' lang='lat' dir='ltr'><strong>tales</strong></span> 
     </span>
     <span class='ocr_line' id='line_1_18' title="bbox 185 1399 1623 1453; baseline 0 -12"><span class='ocrx_word' id='word_1_139' title='bbox 185 1401 366 1453; x_wconf 72' lang='lat' dir='ltr'><strong>finxisse,</strong></span> <span class='ocrx_word' id='word_1_140' title='bbox 389 1399 528 1450; x_wconf 88' lang='lat' dir='ltr'><strong>quales</strong></span> <span class='ocrx_word' id='word_1_141' title='bbox 554 1400 620 1438; x_wconf 92' lang='lat' dir='ltr'><strong>hic</strong></span> <span class='ocrx_word' id='word_1_142' title='bbox 642 1399 818 1439; x_wconf 82' lang='lat' dir='ltr'><strong>describi</strong></span> <span class='ocrx_word' id='word_1_143' title='bbox 843 1399 1038 1439; x_wconf 74' lang='lat' dir='ltr'><strong>videmus.</strong></span> <span class='ocrx_word' id='word_1_144' title='bbox 1070 1410 1202 1449; x_wconf 90' lang='lat' dir='ltr'><strong>neque</strong></span> <span class='ocrx_word' id='word_1_145' title='bbox 1218 1399 1323 1437; x_wconf 90' lang='lat' dir='ltr'><strong>enim</strong></span> <span class='ocrx_word' id='word_1_146' title='bbox 1337 1400 1467 1450; x_wconf 87' lang='lat' dir='ltr'><strong>potuit</strong></span> <span class='ocrx_word' id='word_1_147' title='bbox 1483 1402 1623 1441; x_wconf 78' lang='lat' dir='ltr'><strong>eos-ita</strong></span> 
     </span>
     <span class='ocr_line' id='line_1_19' title="bbox 184 1467 1627 1520; baseline -0.001 -9"><span class='ocrx_word' id='word_1_148' title='bbox 184 1471 227 1512; x_wconf 87' lang='lat' dir='ltr'><strong>in</strong></span> <span class='ocrx_word' id='word_1_149' title='bbox 256 1483 417 1510; x_wconf 81' lang='lat' dir='ltr'><strong>scenam</strong></span> <span class='ocrx_word' id='word_1_150' title='bbox 446 1469 665 1516; x_wconf 78' lang='lat' dir='ltr'><strong>inducere,</strong></span> <span class='ocrx_word' id='word_1_151' title='bbox 701 1471 748 1506; x_wconf 92' lang='lat' dir='ltr'><strong>ut</strong></span> <span class='ocrx_word' id='word_1_152' title='bbox 777 1468 825 1506; x_wconf 89' lang='lat' dir='ltr'><strong>ab</strong></span> <span class='ocrx_word' id='word_1_153' title='bbox 856 1467 966 1506; x_wconf 90' lang='lat' dir='ltr'><strong>omni</strong></span> <span class='ocrx_word' id='word_1_154' title='bbox 996 1467 1358 1507; x_wconf 85' lang='lat' dir='ltr'><strong>verisimilitudinis</strong></span> <span class='ocrx_word' id='word_1_155' title='bbox 1394 1470 1531 1520; x_wconf 73' lang='lat' dir='ltr'><strong>specie</strong></span> <span class='ocrx_word' id='word_1_156' title='bbox 1559 1484 1627 1509; x_wconf 90' lang='lat' dir='ltr'><strong>re-</strong></span> 
     </span>
     <span class='ocr_line' id='line_1_20' title="bbox 185 1536 1627 1592; baseline 0 -12"><span class='ocrx_word' id='word_1_157' title='bbox 185 1540 394 1581; x_wconf 85' lang='lat' dir='ltr'><strong>cederent.</strong></span> <span class='ocrx_word' id='word_1_158' title='bbox 451 1538 533 1577; x_wconf 88' lang='lat' dir='ltr'><strong>Sed</strong></span> <span class='ocrx_word' id='word_1_159' title='bbox 563 1537 596 1576; x_wconf 83' lang='lat' dir='ltr'><strong>si</strong></span> <span class='ocrx_word' id='word_1_160' title='bbox 626 1537 676 1575; x_wconf 90' lang='lat' dir='ltr'><strong>ab</strong></span> <span class='ocrx_word' id='word_1_161' title='bbox 704 1536 784 1575; x_wconf 88' lang='lat' dir='ltr'><strong>hoc</strong></span> <span class='ocrx_word' id='word_1_162' title='bbox 822 1536 1080 1585; x_wconf 87' lang='lat' dir='ltr'><strong>discesseris,</strong></span> <span class='ocrx_word' id='word_1_163' title='bbox 1119 1549 1200 1575; x_wconf 90' lang='lat' dir='ltr'><strong>non</strong></span> <span class='ocrx_word' id='word_1_164' title='bbox 1230 1537 1362 1588; x_wconf 90' lang='lat' dir='ltr'><strong>potuit</strong></span> <span class='ocrx_word' id='word_1_165' title='bbox 1391 1540 1627 1592; x_wconf 85' lang='lat' dir='ltr'><strong>Aristopha-</strong></span> 
     </span>
     <span class='ocr_line' id='line_1_21' title="bbox 185 1605 1358 1658; baseline -0.005 -7"><span class='ocrx_word' id='word_1_166' title='bbox 185 1622 274 1658; x_wconf 86' lang='lat' dir='ltr'><strong>nes,</strong></span> <span class='ocrx_word' id='word_1_167' title='bbox 304 1609 338 1647; x_wconf 89' lang='lat' dir='ltr'><strong>si</strong></span> <span class='ocrx_word' id='word_1_168' title='bbox 368 1607 437 1646; x_wconf 88' lang='lat' dir='ltr'><strong>hic</strong></span> <span class='ocrx_word' id='word_1_169' title='bbox 465 1608 517 1646; x_wconf 87' lang='lat' dir='ltr'><strong>de</strong></span> <span class='ocrx_word' id='word_1_170' title='bbox 547 1606 734 1647; x_wconf 90' lang='lat' dir='ltr'><strong>Nubibus</strong></span> <span class='ocrx_word' id='word_1_171' title='bbox 764 1606 993 1658; x_wconf 85' lang='lat' dir='ltr'><strong>cogitasset,</strong></span> <span class='ocrx_word' id='word_1_172' title='bbox 1022 1605 1169 1645; x_wconf 90' lang='lat' dir='ltr'><strong>deinde</strong></span> <span class='ocrx_word' id='word_1_173' title='bbox 1199 1606 1358 1645; x_wconf 87' lang='lat' dir='ltr'><strong>dicere:</strong></span> 
     </span>
    </p>

    <p class='ocr_par' dir='ltr' id='par_1_3' title="bbox 182 1669 1627 1936">
     <span class='ocr_line' id='line_1_22' title="bbox 245 1669 1627 1729; baseline -0.001 -13"><span class='ocrx_word' id='word_1_174' title='bbox 245 1671 426 1716; x_wconf 58' lang='lat' dir='ltr'><strong>Toodvff’</strong></span> <span class='ocrx_word' id='word_1_175' title='bbox 456 1669 648 1729; x_wconf 77' lang='grc' dir='ltr'><strong><em>εὑρόντες</em></strong></span> <span class='ocrx_word' id='word_1_176' title='bbox 676 1670 925 1724; x_wconf 76' lang='grc' dir='ltr'><em>ἀλεξίκακον</em></span> <span class='ocrx_word' id='word_1_177' title='bbox 954 1672 1028 1723; x_wconf 79' lang='grc' dir='ltr'><strong>τῆς</strong></span> <span class='ocrx_word' id='word_1_178' title='bbox 1052 1669 1193 1728; x_wconf 80' lang='grc' dir='ltr'><em>χώρας</em></span> <span class='ocrx_word' id='word_1_179' title='bbox 1221 1672 1351 1722; x_wconf 76' lang='grc' dir='ltr'><em>τῆσδε</em></span> <span class='ocrx_word' id='word_1_180' title='bbox 1380 1673 1627 1728; x_wconf 80' lang='grc' dir='ltr'><em>καθαρτήν.</em></span> 
     </span>
     <span class='ocr_line' id='line_1_23' title="bbox 185 1744 1625 1798; baseline 0 -11"><span class='ocrx_word' id='word_1_181' title='bbox 185 1747 389 1789; x_wconf 80' lang='lat' dir='ltr'><strong>ceciderat</strong></span> <span class='ocrx_word' id='word_1_182' title='bbox 418 1747 525 1786; x_wconf 89' lang='lat' dir='ltr'><strong>enim</strong></span> <span class='ocrx_word' id='word_1_183' title='bbox 555 1749 675 1798; x_wconf 91' lang='lat' dir='ltr'><strong>poeta</strong></span> <span class='ocrx_word' id='word_1_184' title='bbox 703 1745 772 1784; x_wconf 88' lang='lat' dir='ltr'><strong>illa</strong></span> <span class='ocrx_word' id='word_1_185' title='bbox 801 1744 956 1793; x_wconf 88' lang='lat' dir='ltr'><strong>fabula,</strong></span> <span class='ocrx_word' id='word_1_186' title='bbox 985 1745 1115 1784; x_wconf 88' lang='lat' dir='ltr'><strong>victus</strong></span> <span class='ocrx_word' id='word_1_187' title='bbox 1142 1745 1462 1785; x_wconf 81' lang='lat' dir='ltr'><strong>adversariorum</strong></span> <span class='ocrx_word' id='word_1_188' title='bbox 1491 1748 1625 1787; x_wconf 89' lang='lat' dir='ltr'><strong>studio</strong></span> 
     </span>
     <span class='ocr_line' id='line_1_24' title="bbox 184 1813 1625 1866; baseline 0.001 -10"><span class='ocrx_word' id='word_1_189' title='bbox 184 1823 227 1857; x_wconf 89' lang='lat' dir='ltr'><strong>et</strong></span> <span class='ocrx_word' id='word_1_190' title='bbox 249 1816 517 1856; x_wconf 89' lang='lat' dir='ltr'><strong>multitudinis</strong></span> <span class='ocrx_word' id='word_1_191' title='bbox 547 1814 760 1866; x_wconf 87' lang='lat' dir='ltr'><strong>imperitae</strong></span> <span class='ocrx_word' id='word_1_192' title='bbox 776 1826 967 1866; x_wconf 87' lang='lat' dir='ltr'><strong>perverso</strong></span> <span class='ocrx_word' id='word_1_193' title='bbox 985 1813 1149 1862; x_wconf 89' lang='lat' dir='ltr'><strong>iudicio,</strong></span> <span class='ocrx_word' id='word_1_194' title='bbox 1179 1819 1224 1853; x_wconf 91' lang='lat' dir='ltr'><strong>ut</strong></span> <span class='ocrx_word' id='word_1_195' title='bbox 1240 1815 1340 1853; x_wconf 91' lang='lat' dir='ltr'><strong>nihil</strong></span> <span class='ocrx_word' id='word_1_196' title='bbox 1366 1816 1527 1855; x_wconf 89' lang='lat' dir='ltr'><strong>omnino</strong></span> <span class='ocrx_word' id='word_1_197' title='bbox 1556 1817 1625 1858; x_wconf 89' lang='lat' dir='ltr'><strong>illa</strong></span> 
     </span>
     <span class='ocr_line' id='line_1_25' title="bbox 182 1882 1373 1936; baseline -0.003 -11"><span class='ocrx_word' id='word_1_198' title='bbox 182 1885 323 1926; x_wconf 85' lang='lat' dir='ltr'><strong>fabula</strong></span> <span class='ocrx_word' id='word_1_199' title='bbox 352 1884 520 1924; x_wconf 79' lang='lat' dir='ltr'><strong>efficere</strong></span> <span class='ocrx_word' id='word_1_200' title='bbox 550 1883 742 1936; x_wconf 88' lang='lat' dir='ltr'><strong>potuerit,</strong></span> <span class='ocrx_word' id='word_1_201' title='bbox 772 1882 1109 1934; x_wconf 88' lang='lat' dir='ltr'><strong>quemadmodum</strong></span> <span class='ocrx_word' id='word_1_202' title='bbox 1138 1883 1226 1935; x_wconf 89' lang='lat' dir='ltr'><strong>ipse</strong></span> <span class='ocrx_word' id='word_1_203' title='bbox 1256 1884 1373 1922; x_wconf 90' lang='lat' dir='ltr'><strong>dicit:</strong></span> 
     </span>
    </p>

    <p class='ocr_par' dir='ltr' id='par_1_4' title="bbox 235 1946 1626 2005">
     <span class='ocr_line' id='line_1_26' title="bbox 235 1946 1626 2005; baseline -0.001 -12"><span class='ocrx_word' id='word_1_204' title='bbox 235 1948 287 2000; x_wconf 70' lang='grc' dir='ltr'><strong>ἃς</strong></span> <span class='ocrx_word' id='word_1_205' title='bbox 317 1950 401 1993; x_wconf 84' lang='grc' dir='ltr'><strong>ὑπὸ</strong></span> <span class='ocrx_word' id='word_1_206' title='bbox 430 1950 509 1992; x_wconf 81' lang='grc' dir='ltr'><strong>τοῦ</strong></span> <span class='ocrx_word' id='word_1_207' title='bbox 544 1949 605 2005; x_wconf 83' lang='grc' dir='ltr'><strong>μὴ</strong></span> <span class='ocrx_word' id='word_1_208' title='bbox 644 1949 808 2004; x_wconf 75' lang='grc' dir='ltr'><em>γνῶναι</em></span> <span class='ocrx_word' id='word_1_209' title='bbox 835 1949 1046 2003; x_wconf 78' lang='grc' dir='ltr'><strong>καθαρῶς</strong></span> <span class='ocrx_word' id='word_1_210' title='bbox 1083 1947 1200 2005; x_wconf 64' lang='grc' dir='ltr'><strong><em>ὑμιεῖς</em></strong></span> <span class='ocrx_word' id='word_1_211' title='bbox 1237 1946 1463 2001; x_wconf 78' lang='grc' dir='ltr'><em>ἐποιήσατ’</em></span> <span class='ocrx_word' id='word_1_212' title='bbox 1494 1949 1626 1992; x_wconf 83' lang='grc' dir='ltr'><em>α’ναλ-</em></span> 
     </span>
    </p>

    <p class='ocr_par' dir='ltr' id='par_1_5' title="bbox 951 2017 1049 2066">
     <span class='ocr_line' id='line_1_27' title="bbox 951 2017 1049 2066; baseline 0 -8"><span class='ocrx_word' id='word_1_213' title='bbox 951 2017 1049 2066; x_wconf 71' lang='grc' dir='ltr'><strong><em>δεῖς.</em></strong></span> 
     </span>
    </p>
   </div>
   <div class='ocr_carea' id='block_1_3' title="bbox 182 2089 1699 2146">
    <p class='ocr_par' dir='ltr' id='par_1_6' title="bbox 182 2089 1699 2146">
     <span class='ocr_line' id='line_1_28' title="bbox 182 2089 1699 2146; baseline 0.002 -15"><span class='ocrx_word' id='word_1_214' title='bbox 182 2094 317 2144; x_wconf 87' lang='lat' dir='ltr'><strong>Atque</strong></span> <span class='ocrx_word' id='word_1_215' title='bbox 348 2091 471 2142; x_wconf 83' lang='lat' dir='ltr'><strong>longe</strong></span> <span class='ocrx_word' id='word_1_216' title='bbox 500 2089 798 2141; x_wconf 88' lang='lat' dir='ltr'><strong>ineptissimum</strong></span> <span class='ocrx_word' id='word_1_217' title='bbox 829 2092 937 2128; x_wconf 85' lang='lat' dir='ltr'><strong>esset</strong></span> <span class='ocrx_word' id='word_1_218' title='bbox 976 2090 1010 2128; x_wconf 88' lang='lat' dir='ltr'><strong>si</strong></span> <span class='ocrx_word' id='word_1_219' title='bbox 1039 2092 1160 2141; x_wconf 84' lang='lat' dir='ltr'><strong>poeta</strong></span> <span class='ocrx_word' id='word_1_220' title='bbox 1197 2090 1371 2146; x_wconf 81' lang='lat' dir='ltr'><strong>diceret,</strong></span> <span class='ocrx_word' id='word_1_221' title='bbox 1403 2096 1650 2144; x_wconf 54' lang='lat' dir='ltr'><strong>propterea„</strong></span> <span class='ocrx_word' id='word_1_222' title='bbox 1698 2129 1699 2134; x_wconf 73' lang='grc'>,</span> 
     </span>
    </p>
   </div>
   <div class='ocr_carea' id='block_1_4' title="bbox 180 2157 1693 2765">
    <p class='ocr_par' dir='ltr' id='par_1_7' title="bbox 180 2157 1693 2765">
     <span class='ocr_line' id='line_1_29' title="bbox 183 2157 1624 2215; baseline 0 -14"><span class='ocrx_word' id='word_1_223' title='bbox 183 2160 293 2215; x_wconf 81' lang='lat' dir='ltr'><strong>quod</strong></span> <span class='ocrx_word' id='word_1_224' title='bbox 319 2159 395 2199; x_wconf 78' lang='lat' dir='ltr'><strong>illa</strong></span> <span class='ocrx_word' id='word_1_225' title='bbox 414 2157 566 2210; x_wconf 79' lang='lat' dir='ltr'><strong>sabula</strong></span> <span class='ocrx_word' id='word_1_226' title='bbox 595 2157 708 2197; x_wconf 79' lang='lat' dir='ltr'><strong>vobis</strong></span> <span class='ocrx_word' id='word_1_227' title='bbox 736 2171 933 2210; x_wconf 82' lang='lat' dir='ltr'><strong>magnam</strong></span> <span class='ocrx_word' id='word_1_228' title='bbox 961 2158 1192 2198; x_wconf 80' lang='lat' dir='ltr'><strong>utilitatem</strong></span> <span class='ocrx_word' id='word_1_229' title='bbox 1222 2158 1393 2210; x_wconf 76' lang='lat' dir='ltr'><strong>attulit,</strong></span> <span class='ocrx_word' id='word_1_230' title='bbox 1433 2173 1503 2199; x_wconf 85' lang='lat' dir='ltr'><strong>vos</strong></span> <span class='ocrx_word' id='word_1_231' title='bbox 1531 2175 1624 2201; x_wconf 82' lang='lat' dir='ltr'><strong>eam</strong></span> 
     </span>
     <span class='ocr_line' id='line_1_30' title="bbox 183 2227 1626 2284; baseline -0.001 -14"><span class='ocrx_word' id='word_1_232' title='bbox 183 2232 318 2284; x_wconf 82' lang='lat' dir='ltr'><strong>ipsam</strong></span> <span class='ocrx_word' id='word_1_233' title='bbox 341 2229 529 2281; x_wconf 80' lang='lat' dir='ltr'><strong>praemio</strong></span> <span class='ocrx_word' id='word_1_234' title='bbox 567 2240 715 2266; x_wconf 79' lang='lat' dir='ltr'><strong>ornare</strong></span> <span class='ocrx_word' id='word_1_235' title='bbox 743 2227 926 2275; x_wconf 77' lang='lat' dir='ltr'><strong>debetis;</strong></span> <span class='ocrx_word' id='word_1_236' title='bbox 965 2240 1067 2278; x_wconf 90' lang='lat' dir='ltr'><strong>quae</strong></span> <span class='ocrx_word' id='word_1_237' title='bbox 1105 2228 1268 2279; x_wconf 89' lang='lat' dir='ltr'><strong>quidem</strong></span> <span class='ocrx_word' id='word_1_238' title='bbox 1304 2229 1374 2277; x_wconf 87' lang='lat' dir='ltr'><strong>illo</strong></span> <span class='ocrx_word' id='word_1_239' title='bbox 1412 2229 1500 2280; x_wconf 88' lang='lat' dir='ltr'><strong>ipso</strong></span> <span class='ocrx_word' id='word_1_240' title='bbox 1539 2242 1626 2269; x_wconf 84' lang='lat' dir='ltr'><strong>mo-</strong></span> 
     </span>
     <span class='ocr_line' id='line_1_31' title="bbox 181 2295 1624 2349; baseline -0.002 -9"><span class='ocrx_word' id='word_1_241' title='bbox 181 2304 319 2340; x_wconf 90' lang='lat' dir='ltr'><strong>mento</strong></span> <span class='ocrx_word' id='word_1_242' title='bbox 357 2298 512 2337; x_wconf 90' lang='lat' dir='ltr'><strong>nullum</strong></span> <span class='ocrx_word' id='word_1_243' title='bbox 549 2295 803 2335; x_wconf 89' lang='lat' dir='ltr'><strong>commodum</strong></span> <span class='ocrx_word' id='word_1_244' title='bbox 844 2309 920 2336; x_wconf 89' lang='lat' dir='ltr'><strong>nec</strong></span> <span class='ocrx_word' id='word_1_245' title='bbox 950 2297 1266 2336; x_wconf 87' lang='lat' dir='ltr'><strong>emolumentum</strong></span> <span class='ocrx_word' id='word_1_246' title='bbox 1298 2297 1428 2349; x_wconf 87' lang='lat' dir='ltr'><strong>potuit</strong></span> <span class='ocrx_word' id='word_1_247' title='bbox 1463 2297 1624 2338; x_wconf 85' lang='lat' dir='ltr'><strong>afferre.</strong></span> 
     </span>
     <span class='ocr_line' id='line_1_32' title="bbox 180 2355 1693 2419; baseline -0.001 -12"><span class='ocrx_word' id='word_1_248' title='bbox 180 2370 234 2412; x_wconf 88' lang='lat' dir='ltr'><strong>At</strong></span> <span class='ocrx_word' id='word_1_249' title='bbox 262 2380 358 2407; x_wconf 88' lang='lat' dir='ltr'><strong>vero</strong></span> <span class='ocrx_word' id='word_1_250' title='bbox 389 2367 466 2406; x_wconf 89' lang='lat' dir='ltr'><strong>hoe</strong></span> <span class='ocrx_word' id='word_1_251' title='bbox 495 2365 632 2404; x_wconf 87' lang='lat' dir='ltr'><strong>dicere</strong></span> <span class='ocrx_word' id='word_1_252' title='bbox 658 2365 787 2404; x_wconf 87' lang='lat' dir='ltr'><strong>voluit</strong></span> <span class='ocrx_word' id='word_1_253' title='bbox 815 2369 962 2416; x_wconf 83' lang='lat' dir='ltr'><strong>poeta:</strong></span> <span class='ocrx_word' id='word_1_254' title='bbox 978 2371 1153 2419; x_wconf 78' lang='lat' dir='ltr'><strong>propter</strong></span> <span class='ocrx_word' id='word_1_255' title='bbox 1159 2367 1308 2418; x_wconf 78' lang='lat' dir='ltr'><strong>priora</strong></span> <span class='ocrx_word' id='word_1_256' title='bbox 1328 2367 1492 2415; x_wconf 80' lang='lat' dir='ltr'><strong>merita,</strong></span> <span class='ocrx_word' id='word_1_257' title='bbox 1521 2380 1625 2419; x_wconf 81' lang='lat' dir='ltr'><strong>quae</strong></span> <span class='ocrx_word' id='word_1_258' title='bbox 1691 2355 1693 2376; x_wconf 66' lang='lat'>³</span> 
     </span>
     <span class='ocr_line' id='line_1_33' title="bbox 181 2434 1623 2488; baseline -0.001 -11"><span class='ocrx_word' id='word_1_259' title='bbox 181 2438 366 2477; x_wconf 69' lang='lat' dir='ltr'><strong>maxima</strong></span> <span class='ocrx_word' id='word_1_260' title='bbox 403 2439 500 2475; x_wconf 78' lang='lat' dir='ltr'><strong>sunt</strong></span> <span class='ocrx_word' id='word_1_261' title='bbox 528 2435 575 2473; x_wconf 78' lang='lat' dir='ltr'><strong>iu</strong></span> <span class='ocrx_word' id='word_1_262' title='bbox 609 2445 703 2482; x_wconf 85' lang='lat' dir='ltr'><strong>vos,</strong></span> <span class='ocrx_word' id='word_1_263' title='bbox 744 2434 955 2473; x_wconf 75' lang='lat' dir='ltr'><strong>debebatis</strong></span> <span class='ocrx_word' id='word_1_264' title='bbox 980 2435 1096 2488; x_wconf 16' lang='lat' dir='ltr'><strong>‘mihi</strong></span> <span class='ocrx_word' id='word_1_265' title='bbox 1121 2435 1356 2486; x_wconf 79' lang='lat' dir='ltr'><strong>praemium</strong></span> <span class='ocrx_word' id='word_1_266' title='bbox 1391 2436 1623 2475; x_wconf 83' lang='lat' dir='ltr'><strong>concedere.</strong></span> 
     </span>
     <span class='ocr_line' id='line_1_34' title="bbox 182 2503 1624 2555; baseline -0.002 -10"><span class='ocrx_word' id='word_1_267' title='bbox 182 2506 349 2545; x_wconf 82' lang='lat' dir='ltr'><strong>Duabus</strong></span> <span class='ocrx_word' id='word_1_268' title='bbox 390 2509 526 2543; x_wconf 89' lang='lat' dir='ltr'><strong>autem</strong></span> <span class='ocrx_word' id='word_1_269' title='bbox 563 2503 686 2542; x_wconf 87' lang='lat' dir='ltr'><strong>rebus</strong></span> <span class='ocrx_word' id='word_1_270' title='bbox 716 2503 1008 2553; x_wconf 88' lang='lat' dir='ltr'><strong>Aristophanes</strong></span> <span class='ocrx_word' id='word_1_271' title='bbox 1046 2516 1090 2542; x_wconf 86' lang='lat' dir='ltr'><strong>se</strong></span> <span class='ocrx_word' id='word_1_272' title='bbox 1127 2504 1377 2555; x_wconf 85' lang='lat' dir='ltr'><strong>potissimum</strong></span> <span class='ocrx_word' id='word_1_273' title='bbox 1417 2503 1468 2543; x_wconf 89' lang='lat' dir='ltr'><strong>de</strong></span> <span class='ocrx_word' id='word_1_274' title='bbox 1497 2504 1624 2543; x_wconf 91' lang='lat' dir='ltr'><strong>Athe-</strong></span> 
     </span>
     <span class='ocr_line' id='line_1_35' title="bbox 183 2571 1622 2625; baseline -0.001 -12"><span class='ocrx_word' id='word_1_275' title='bbox 183 2571 316 2614; x_wconf 86' lang='lat' dir='ltr'><strong>niensi</strong></span> <span class='ocrx_word' id='word_1_276' title='bbox 344 2573 494 2625; x_wconf 88' lang='lat' dir='ltr'><strong>populo</strong></span> <span class='ocrx_word' id='word_1_277' title='bbox 516 2573 706 2612; x_wconf 90' lang='lat' dir='ltr'><strong>meritum</strong></span> <span class='ocrx_word' id='word_1_278' title='bbox 736 2584 826 2611; x_wconf 89' lang='lat' dir='ltr'><strong>esse</strong></span> <span class='ocrx_word' id='word_1_279' title='bbox 841 2571 1050 2623; x_wconf 81' lang='lat' dir='ltr'><strong>gloriatur,</strong></span> <span class='ocrx_word' id='word_1_280' title='bbox 1081 2576 1122 2611; x_wconf 90' lang='lat' dir='ltr'><strong>et</strong></span> <span class='ocrx_word' id='word_1_281' title='bbox 1142 2573 1250 2623; x_wconf 87' lang='lat' dir='ltr'><strong>quod</strong></span> <span class='ocrx_word' id='word_1_282' title='bbox 1266 2573 1474 2619; x_wconf 89' lang='lat' dir='ltr'><strong>Cleonem,</strong></span> <span class='ocrx_word' id='word_1_283' title='bbox 1503 2584 1622 2623; x_wconf 88' lang='lat' dir='ltr'><strong>quem</strong></span> 
     </span>
     <span class='ocr_line' id='line_1_36' title="bbox 184 2641 1623 2694; baseline -0.001 -11"><span class='ocrx_word' id='word_1_284' title='bbox 184 2643 266 2683; x_wconf 86' lang='lat' dir='ltr'><strong>iam</strong></span> <span class='ocrx_word' id='word_1_285' title='bbox 295 2642 336 2682; x_wconf 93' lang='lat' dir='ltr'><strong>in</strong></span> <span class='ocrx_word' id='word_1_286' title='bbox 364 2642 597 2694; x_wconf 86' lang='lat' dir='ltr'><strong>Babyloniis</strong></span> <span class='ocrx_word' id='word_1_287' title='bbox 637 2644 679 2680; x_wconf 89' lang='lat' dir='ltr'><strong>et</strong></span> <span class='ocrx_word' id='word_1_288' title='bbox 707 2641 1033 2682; x_wconf 85' lang='lat' dir='ltr'><strong>Acharnensibus</strong></span> <span class='ocrx_word' id='word_1_289' title='bbox 1074 2645 1305 2690; x_wconf 86' lang='lat' dir='ltr'><strong>vexaverat,</strong></span> <span class='ocrx_word' id='word_1_290' title='bbox 1340 2641 1382 2679; x_wconf 88' lang='lat' dir='ltr'><strong>in</strong></span> <span class='ocrx_word' id='word_1_291' title='bbox 1411 2641 1623 2691; x_wconf 78' lang='lat' dir='ltr'><strong>Equitibus</strong></span> 
     </span>
     <span class='ocr_line' id='line_1_37' title="bbox 186 2709 1623 2765; baseline 0 -15"><span class='ocrx_word' id='word_1_292' title='bbox 186 2711 309 2765; x_wconf 85' lang='lat' dir='ltr'><strong>plane</strong></span> <span class='ocrx_word' id='word_1_293' title='bbox 347 2710 600 2759; x_wconf 83' lang='lat' dir='ltr'><strong>contuderit,</strong></span> <span class='ocrx_word' id='word_1_294' title='bbox 638 2715 678 2750; x_wconf 87' lang='lat' dir='ltr'><strong>et</strong></span> <span class='ocrx_word' id='word_1_295' title='bbox 707 2710 817 2762; x_wconf 87' lang='lat' dir='ltr'><strong>quod</strong></span> <span class='ocrx_word' id='word_1_296' title='bbox 845 2709 1052 2762; x_wconf 83' lang='lat' dir='ltr'><strong>improbos</strong></span> <span class='ocrx_word' id='word_1_297' title='bbox 1082 2710 1393 2750; x_wconf 87' lang='lat' dir='ltr'><strong>calumniatores</strong></span> <span class='ocrx_word' id='word_1_298' title='bbox 1423 2710 1623 2751; x_wconf 86' lang='lat' dir='ltr'><strong>nemiuem</strong></span> 
     </span>
    </p>
   </div>
   <div class='ocr_carea' id='block_1_5' title="bbox 1685 1747 1716 2438">
    <p class='ocr_par' dir='ltr' id='par_1_8' title="bbox 1685 1747 1716 2438">
     <span class='ocr_line' id='line_1_38' title="bbox 1685 1747 1716 2438; baseline 0 726"><span class='ocrx_word' id='word_1_299' title='bbox 1685 1747 1716 2438; x_wconf 95' lang='lat' dir='ltr'><strong> </strong></span> 
     </span>
    </p>
   </div>
  </div>
 </body>
</html>
