1716 3164
230 233 339 273 1026
573 200 580 211 ’
747 228 1151 270 ARISTOPHAMS

229 340 508 393 Aristophanis
551 338 717 378 consilio
757 351 870 387 esne,
917 351 1034 390 quam
1083 339 1116 378 si
1157 339 1352 380 eiusmodi
1391 329 1591 381 ludicrum
1630 346 1671 381 et

231 413 431 452 abiectum
463 409 755 459 spectaculum,
785 412 948 448 auctum
979 409 1098 447 etiam
1129 413 1171 447 et
1201 415 1484 460 exaggeratum
1514 413 1555 451 in
1587 425 1670 451 me-

231 482 340 519 dium
370 479 596 531 proferret,
637 483 681 516 ut
708 477 828 517 facile
859 483 899 517 et
928 472 1158 529 spectantes
1189 481 1230 515 et
1258 479 1317 516 illi
1348 484 1491 529 poetae
1519 493 1667 531 cogno-

232 553 413 596 scerent,
452 560 569 598 quam
598 560 762 598 pravam
793 548 998 586 rationem
1029 548 1108 586 sint
1137 548 1279 586 secuti.
1338 550 1390 587 At
1425 548 1503 586 ista
1537 554 1670 587 tamen

233 617 483 657 consuetudo
521 620 600 654 tam
634 616 733 655 altas
764 620 907 667 egerat
935 616 1092 655 radices
1128 620 1292 666 tamque
1329 628 1419 654 cum
1449 617 1575 666 ipsius
1605 629 1666 655 co-

233 687 421 727 moediae
451 690 592 725 natura
623 684 784 732 coaluit,
813 688 858 723 ut
887 685 1052 736 vestigia
1082 685 1279 735 quaedam
1316 685 1436 724 etiam
1475 685 1515 724 in
1545 686 1672 736 ipsius

235 755 516 807 Aristophanis
546 754 695 792 fabulis
726 754 979 805 deprehendi
1011 755 1179 806 possint.
1238 754 1447 793 lam.vcro
1475 754 1530 802 id,
1563 754 1671 804 quod

239 829 363 876 poeta
391 825 513 862 iactat
544 836 588 860 se
619 823 894 873 praestitisse,
934 835 1012 861 non
1043 824 1220 874 pertinet
1248 823 1295 861 ad
1328 824 1592 874 Babylonios,
1623 823 1674 861 de

232 906 402 944 quorum
433 892 601 931 consilio
631 892 719 942 ipse
750 892 847 929 satis
878 891 1052 930 dilucide
1083 892 1264 942 exponit,
1295 899 1362 930 aut
1391 893 1440 930 ad
1472 893 1590 930 aliam
1622 905 1671 931 ex

235 962 526 1012 antiquioribus
557 959 726 1009 fabulis,
757 961 829 999 sed
860 961 908 999 ad
943 961 1214 1000 Daetalenses.
1274 962 1510 1011 Eodemque
1539 961 1674 1000 resero

235 1029 363 1070 schol.
394 1031 444 1068 ad
475 1031 596 1080 Vesp.
629 1042 663 1068 v.
696 1030 769 1068 60:
806 1024 924 1067 Oiy'ffl'
952 1025 1179 1079 ἸΙρακλῆς
1221 1025 1271 1067 τὸ
1302 1026 1476 1067 δεῖπνον
1515 1026 1674 1077 ἐξαπα-

235 1094 447 1150 τώμενος)
484 1095 529 1134 ἐν
568 1097 654 1142 τοῖς
696 1094 778 1149 πρὸ
819 1092 974 1135 τούτου
1012 1095 1335 1149 ὃεδιδαγμένοις
1372 1093 1591 1150 δράμασιν
1617 1091 1677 1143 εἷς

236 1164 313 1214 τὴν
335 1162 609 1219 ίΙλρακλιεους
639 1161 885 1215 ἀπληστίαν
915 1163 1053 1204 πολλὰ
1084 1162 1348 1218 προείρηται.
1416 1168 1549 1217 Atque
1579 1167 1675 1205 satis

236 1242 372 1289 aptum
403 1236 481 1274 suit
505 1237 545 1274 in
581 1237 771 1274 Herculis
802 1236 940 1282 sacris,
970 1235 1010 1273 in
1042 1236 1233 1273 Herculis
1264 1235 1378 1283 fano,
1412 1234 1464 1273 de
1496 1235 1676 1274 Hercule

236 1306 509 1359 spectaculum
542 1304 785 1356 epulonibus
813 1305 892 1343 illis
922 1316 1165 1356 proponere.

347 1375 429 1413 Iam
467 1374 567 1412 illud
607 1374 831 1424 episodium
871 1374 1116 1424 sequebatur
1145 1385 1190 1410 ea
1223 1385 1313 1423 pars
1348 1371 1676 1424 sahulae‚-quae

236 1443 486 1494 potissimum
517 1443 746 1481 institutum
779 1446 821 1480 et
849 1442 1061 1480 consilium
1092 1441 1216 1478 totius
1246 1442 1407 1480 fabulae
1436 1442 1675 1481 illustrabat.

238 1513 419 1562 Namque
461 1514 583 1562 poeta
622 1516 667 1549 ut
706 1510 962 1557 ostenderet,
997 1515 1189 1560 quantum
1220 1510 1490 1549 Athenienses
1518 1512 1596 1549 iam
1627 1512 1676 1549 ab

236 1581 398 1630 antiqua
427 1580 503 1618 ista
534 1578 770 1629 disciplinae
799 1578 1014 1617 severitate
1044 1577 1319 1626 descivissent,
1350 1580 1507 1618 induxit
1536 1593 1674 1618 senem

236 1649 432 1699 aliquem,
472 1648 601 1686 virum
639 1647 809 1698 probum
846 1639 890 1685 et
917 1646 1060 1698 procul
1089 1647 1138 1684 ab
1168 1647 1280 1686 urbis
1310 1647 1464 1687 deliciis
1492 1661 1588 1687 rure
1616 1649 1675 1687 vi-

236 1722 316 1755 tam
355 1716 668 1768 transigentem,
708 1716 775 1766 qui
813 1728 861 1754 ex
901 1715 1059 1754 duobus
1095 1715 1189 1753 filiis
1226 1727 1348 1754 unum
1388 1718 1551 1767 antiquo
1588 1718 1674 1768 ipse

236 1798 348 1825 more
386 1785 592 1832 educavit,
633 1785 804 1823 alterum
835 1784 875 1823 in
907 1784 1048 1823 urbem
1079 1784 1244 1823 miserat
1282 1786 1569 1824 erudiendum:
1607 1786 1674 1836 qui

235 1867 325 1893 cum
356 1853 404 1893 ad
433 1857 587 1905 patrem
618 1865 804 1892 reversus
833 1857 941 1891 esset
970 1865 1018 1891 eo
1054 1854 1142 1904 ipso
1173 1854 1260 1902 die,
1297 1846 1376 1905 quo
1411 1855 1451 1894 in
1486 1855 1675 1894 Herculis

235 1923 330 1962 fano
361 1922 555 1974 epulones
584 1923 662 1971 illi,
688 1922 832 1972 quibus
860 1921 1048 1960 interfuit
1076 1927 1204 1973 pater,
1234 1923 1460 1963 convivium
1489 1924 1675 1974 agebant,

235 1996 352 2043 pater
372 1991 618 2041 explorabat,
650 2003 730 2041 quo
749 1997 865 2041 pacto
891 1991 962 2029 ille
983 1996 1090 2030 esset
1104 1996 1283 2030 moratus
1313 1997 1354 2030 et
1383 1993 1527 2042 quibus
1557 1993 1675 2030 disci-

235 2060 357 2111 plinis
395 2059 600 2097 eruditus:
647 2059 767 2097 rediit
803 2059 910 2097 enim
950 2060 1057 2098 filius
1101 2060 1171 2097 ille
1212 2060 1259 2097 ad
1298 2065 1451 2110 patrem
1489 2061 1675 2099 omuibus

226 2128 416 2167 *novitiae
447 2126 682 2178 disciplinae
711 2129 890 2166 imbutus
915 2128 1047 2165 vitiis:
1077 2127 1212 2178 itaque
1242 2128 1473 2178 gravissima
1503 2129 1585 2168 rixa
1615 2133 1673 2168 at-

237 2209 315 2248 que
345 2196 611 2247 expostulatio
640 2198 748 2236 inter
776 2202 932 2248 patrem
956 2196 1167 2247 filiumque
1197 2199 1346 2237 exorta.
1375 2197 1566 2249 Spectant
1594 2199 1674 2237 hue

237 2266 305 2304 Fr.
335 2264 423 2306 XV.
455 2262 562 2306 XVl.
592 2265 643 2304 al.

269 2489 357 2528 Καὶ
386 2485 630 2539 δελφακίων
658 2486 837 2527 ἁπαλῶν
861 2487 1002 2527 κωλαῖ
1023 2488 1095 2527 καὶ
1120 2484 1367 2542 χναυμάτια
1399 2485 1640 2541 πτερόὲντα.

346 2610 579 2649 Athenaeus
611 2611 663 2649 lX
705 2625 743 2661 p.
772 2612 853 2649 368
883 2613 942 2650 E:
997 2604 1322 2662 Ἀριστοᾳάνης
1364 2605 1664 2648 Δαιταλεῦσιν·

236 2674 328 2712 Καὶ
358 2674 478 2728 δέλφ.
508 2679 595 2717 κτλ.
632 2675 872 2730 [saporam
897 2675 1144 2730 χναυμάῑιια
1168 2693 1253 2718 non
1289 2682 1458 2730 possunt
1486 2678 1665 2715 aviculae
1712 2690 1716 2734 g

236 2744 445 2784 delicatius
476 2751 690 2795 apparatae
721 2759 824 2794 esse,
855 2749 926 2786 sed
958 2754 1001 2786 ut
1032 2749 1128 2786 mihi
1159 2748 1318 2797 q'uidem
1350 2746 1522 2793 videtur,
1552 2757 1666 2797 περι-
