1716 3158
613 196 1035 243 AHMNOMEAA
1469 201 1552 244 ⁷71

437 543 1189 602 AHMNOMEAA·)

800 671 833 712 ι.

296 758 475 818 Ἑρμῆς,
507 757 560 803 ὃν
589 757 765 803 ἕλκουσ’
794 758 838 801 οἱ
867 759 948 815 μὲν
975 756 1022 799 ἐκ
1052 758 1323 815 προχοιδίου,

299 846 342 888 οἱ
374 843 420 887 δ’
453 846 499 888 ἐκ
527 845 740 888 καδίσκου
770 840 815 887 σ’
850 844 949 887 ἴσον
979 842 1060 902 ἴσῳ
1087 845 1368 900 κεκραμένον.

182 961 422 1002 Athenaeus
451 962 511 1002 XI
542 975 582 1015 p.
612 961 761 1001 4730:
782 951 1063 1012 ’μνημονεύει
1100 955 1180 997 τοῦ
1216 955 1434 1001 καδίσκου
1471 958 1549 1014 καὶ

71 1025 285 1083 Στράττις
332 1025 356 1071 ὁ
393 1027 580 1085 κωμικὸς
620 1028 666 1070 ἐν
705 1025 982 1083 Λημνομέδᾳ
1022 1026 1160 1081 λέγων
1210 1023 1348 1078 οὕτως
1383 1026 1551 1085 Ἐρμῆς

0 1143 1 1153 ,
70 1099 161 1142 κτλ.
220 1103 335 1142 Idem
369 1104 386 1143 1
418 1118 458 1156 p.
479 1104 599 1143 321³:
625 1096 792 1154 ζΕρμῆς
824 1094 874 1138 δ’
895 1088 1010 1145 εἶδος
1039 1094 1208 1148 πόσεως
1238 1098 1360 1156 παρὰ
1374 1098 1552 1156 Στράτ-

72 1170 182 1220 τιδι,
224 1186 330 1226 quae
361 1174 530 1227 repetiit
562 1172 803 1213 Eustathius
834 1171 886 1211 ad
915 1171 1041 1211 Hom.
1071 1185 1113 1224 Ρ.
1145 1172 1257 1213 1470
1287 1173 1356 1214 64.
1424 1174 1550 1215 Gom-

71 1244 276 1296 parandus
313 1245 504 1284 Cratinus
544 1243 679 1297 Pytin.
710 1256 751 1295 p.
783 1243 890 1283 127:
938 1238 1040 1288 τοὺς
1076 1241 1158 1294 μὲν
1192 1240 1239 1283 ἐκ
1277 1240 1549 1297 προχοιδίου,

72 1314 174 1360 τοὺς
204 1307 254 1351 δ’
285 1311 330 1353 ἐκ
358 1311 586 1354 καδίσκου.
650 1313 771 1365 Quod
799 1317 894 1365 post
923 1307 1137 1351 καδίσκου
1166 1314 1323 1367 legitur
1352 1309 1417 1366 0·’‚
1448 1328 1550 1370 sup-

71 1385 200 1437 plevit
242 1385 464 1425 Porsonus.
538 1383 796 1425 Fritzschius
843 1384 1014 1435 Quaest.
1060 1384 1188 1426 Arist.
1221 1385 1238 1425 1
1278 1398 1319 1439 Ρ.
1350 1386 1434 1427 269
1474 1385 1549 1427 ad-

69 1454 193 1495 debat
220 1449 277 1507 γ’,

772 1564 826 1605 11.

271 1647 475 1698 Πολλοὺς
504 1646 558 1699 δὴ
588 1645 804 1703 μεγάλους
832 1661 878 1687 τε
910 1643 1106 1705 φάγρους
1134 1644 1347 1706 ἐγκάψας.

180 1763 418 1805 Athenaeus
455 1763 535 1806 vu
574 1777 615 1816 Ρ.
646 1764 728 1804 327
745 1776 790 1803 e:
834 1757 1099 1816 μνημονεύει
1144 1759 1225 1803 τοῦ
1259 1757 1435 1817 φάγρου
1470 1762 1548 1804 καὶ

72 1829 287 1888 Στράττις
316 1833 363 1873 ἐν
389 1831 664 1889 Λημνομέδᾳ
694 1829 900 1882 Πολλοὺς
933 1831 1026 1875 κτλ.
1092 1833 1221 1875 Metri
1258 1834 1441 1887 speciem
1477 1846 1547 1876 re-

73 1905 224 1946 stitues
253 1906 289 1946 si
317 1919 393 1959 pro
426 1901 480 1954 δὴ
511 1906 729 1959 scripseris
757 1900 859 1954 ἤδη.

767 2028 844 2069 111.

358 2110 469 2161 Χῖος
498 2109 731 2168 παραστὰς
760 2110 894 2171 Κῷον
920 2107 1000 2154 οὐκ
1027 2108 1081 2168 ἐᾷ
1107 2109 1261 2165 λέγειν.

178 2227 409 2275 Scholiasta
439 2227 625 2268 Platonis
655 2228 785 2270 Bekk.
800 2241 842 2282 Ρ.
861 2228 965 2268 320:
995 2222 1084 2265 τῶν
1113 2222 1160 2264 δὲ
1188 2221 1336 2278 βόλων
1362 2227 1426 2279 (in
1456 2231 1542 2276 tes-

60 2309 183 2341 serae
213 2298 341 2348 ludo)
387 2292 411 2336 ὁ
446 2298 527 2350 μὲν
565 2294 620 2336 τὰ
663 2295 707 2348 ἕξ
751 2294 994 2352 δυνάμενος
1022 2294 1150 2352 Κῷος
1178 2293 1255 2335 καὶ
1283 2292 1425 2347 ἑξέτης
1453 2296 1540 2338 ἑλέ..

64 2379 186 2418 γετο,
229 2366 338 2413 Χῖος
369 2365 414 2405 δὲ
444 2364 467 2406 ὸ
499 2364 550 2406 τὸ
580 2361 643 2417 ἓν,
674 2367 749 2407 καὶ
778 2364 907 2410 κύων.
966 2365 1137 2417 λέγεται
1174 2363 1221 2404 δέ
1251 2378 1317 2414 τις
1343 2366 1421 2406 καὶ
1448 2381 1540 2417 παι,-

64 2433 216 2490 ροιμία
245 2430 336 2476 ἀπὸ
375 2432 534 2477 τούτου
579 2428 676 2477 οἷον
707 2437 818 2486 Χῖος
847 2432 1080 2492 παραστὰς
1110 2433 1242 2493 Κῷον
1282 2429 1362 2475 οὐκ
1397 2431 1537 2476 ἐάσω.

64 2501 152 2561 ἀφ’
193 2497 246 2546 οὗ
295 2506 370 2546 καὶ
412 2503 631 2562 Στράττις
669 2507 973 2562 Λιμνοπέδαις
1017 2507 1127 2555 Χῖος
1171 2502 1404 2562 παραστὰς
1446 2506 1537 2552 κτλ.

65 2578 227 2619 Omisso
274 2577 441 2621 fabulae
486 2580 606 2621 titulo
649 2594 815 2622 versum
859 2581 986 2622 habet
1030 2580 1154 2621 etiam
1200 2579 1443 2622 Eustathius
1485 2580 1535 2621 sd

63 2641 237 2689 Homer.
266 2662 309 2702 Ρ.
340 2649 451 2692 1397
481 2652 535 2692 41

160 2795 194 2836 ’)
220 2797 259 2828 V.
287 2796 374 2829 Hist.
400 2795 475 2830 crit.
501 2809 533 2839 p.
558 2800 641 2834 231.
1233 2820 1240 2825 ’

1182 2858 1236 2896 49
1256 2859 1273 2876 *
