1716 3164
533 196 799 238 FABULAE
838 196 1146 241 lNcER'rAE.
1469 201 1582 243 1189

12 319 13 322 ’
90 305 242 359 νίζειν·
272 306 386 362 φησὶ
415 304 499 363 γὰρ
527 304 551 349 ὁ
584 307 822 364 Πολέμων,
856 306 914 359 ὥς
941 309 1160 366 μαρτυρεῖ
1183 307 1399 365 Δίδυμος,
1432 310 1579 365 δεξιὸν

89 374 149 428 εἰς
179 373 414 432 ὑπόδημα,
453 376 685 435 ἀριστερὸν
712 375 774 429 εἰς
803 376 1099 435 ποδάνιπτρα.
1157 383 1461 437 Aristophanes
1490 385 1578 427 for-

86 456 196 492 tasse
227 465 308 492 non
339 452 475 505 ipsum
506 453 613 493 hanc
641 452 850 506 proverbii
880 451 1057 493 formam
1087 455 1329 506 usurpavit,
1372 456 1448 496 sed
1480 469 1576 499 sen-

86 524 255 563 tentiam
286 523 407 563 aliter
435 523 732 564 conformatam
764 522 971 564 exhibuit:
1001 523 1180 564 fortasse
1212 530 1351 566 autem
1383 526 1437 567 de
1455 527 1573 569 The-

86 607 272 645 ramene,
302 595 417 636 cuius
447 595 657 647 ingenium
675 607 796 648 quam
820 593 997 635 maxime
1027 594 1108 636 fuit
1126 596 1296 646 mobile,
1327 595 1435 638 haec
1460 598 1574 639 dixit.

767 718 878 760 LVI.

336 797 453 842 ‘Yno
483 799 563 842 τοῦ
591 799 774 854 γέλωτος
804 796 864 851 εἰς
896 800 1038 843 Γέλαν
1068 797 1301 857 ἀφίξομαι.

199 902 448 945 Plutarchus
495 915 677 955 compar.
728 902 940 957 Aristoph.
990 908 1032 945 et
1080 903 1303 944 Menandri
1342 918 1377 946 c.
1419 906 1456 956 1,
1505 907 1574 948 ubi

91 969 175 1014 ὑπὸ
205 971 389 1026 γέλωτος
419 965 479 1020 εἰς
509 969 558 1012 τὸ
589 969 722 1028 γελᾷν
761 967 840 1027 ἀφ.
873 974 1050 1028 legitur,
1083 975 1195 1029 quod
1227 977 1402 1017 correxi.
1446 979 1572 1019 Com-

84 1058 206 1098 pares
239 1045 494 1086 Acharneus.
526 1058 566 1085 v,
595 1046 704 1085 606:
749 1040 863 1093 Τοὺς
906 1041 955 1084 δ’
984 1043 1031 1086 ἐν
1062 1042 1306 1103 Καμαρίνῃ
1344 1042 1427 1087 κᾶν
1458 1045 1573 1103 Γέλᾳ

82 1111 163 1156 κάν
191 1114 447 1173 Καταγέλᾳ.

755 1174 887 1217 LVII.

289 1254 343 1298 Τι’
373 1254 486 1309 δῆτα
518 1252 666 1313 δράσω
697 1254 758 1309 σ’,
787 1247 821 1298 ὦ
852 1252 1141 1313 κακόδαιμον,
1173 1254 1400 1315 ἀμφορεὺς

280 1339 666 1398 ἐξοστρακισθείςς

189 1429 448 1472 Plutarchus
479 1444 662 1484 compar.
692 1431 906 1485 Aristoph.
946 1434 988 1472 et
1017 1431 1239 1473 Menandri
1269 1444 1305 1472 c.
1338 1432 1386 1473 1:
1433 1429 1488 1471 Τί
1525 1431 1573 1473 δέ

84 1512 156 1542 σοι
186 1496 336 1556 δράσω
364 1498 641 1556 κακόδαιμον
669 1500 759 1543 κτλ.
823 1503 998 1544 Correxi
1027 1502 1132 1543 haec
1161 1504 1203 1544 in
1235 1504 1396 1544 Comm.
1412 1517 1454 1558 p.
1472 1505 1569 1546 261.

747 1617 900 1658 LVIII.

430 1697 498 1742 Σύ
530 1698 578 1742 δ’
608 1697 812 1755 ὁμέστιος
841 1700 993 1752 θεοῖςς
1023 1695 1199 1751 miffar,-

196 1801 497 1856 Mosclnopulus
536 1804 645 1856 apud
680 1803 855 1844 Ritschl.
895 1803 947 1843 ad
977 1803 1181 1843 'l'homam
1212 1803 1272 1842 M.
1305 1815 1345 1854 p.
1376 1801 1460 1841 274
1493 1801 1569 1841 16:

82 1865 246 1910 Πόθεν
286 1898 342 1906 —-
387 1870 594 1926 σημαίνει
640 1871 691 1913 τὸ
728 1869 946 1929 οὐδαμῶς,
990 1867 1048 1922 ὠς
1089 1870 1139 1912 τὸ
1184 1866 1565 1928 Ἀριστοφάνους·

82 1939 148 1984 Συ
181 1937 234 1981 δ’
266 1938 469 1997 ὁμέστιος
500 1943 587 1986 κτλ.

775 2031 885 2072 LIX.

699 2111 1013 2168 Ἐξηκεστίδης
1042 2110 1152 2169 ἔχων
1181 2110 1335 2169 λύραν,

208 2197 335 2254 ἔργον
364 2196 577 2253 Εὐδόξου,
606 2199 793 2243 τιταίνει
822 2198 1030 2257 ψίθυρον
1060 2195 1208 2249 εὐήθη
1240 2195 1391 2253 νόμον.

189 2299 420 2341 Scholiasta
449 2302 661 2354 Aristoph.
693 2303 793 2342 Avv.
822 2314 861 2341 v.
881 2300 933 2339 11
968 2302 1186 2351 postquam
1218 2298 1271 2338 de
1303 2296 1556 2339 Execestide

75 2368 317 2411 citharoedo
347 2372 452 2425 egit,
472 2371 578 2412 haec
596 2372 746 2418 addita
767 2366 861 2410 ἔστι
893 2368 938 2409 δὲ
969 2367 1044 2408 καὶ
1076 2366 1218 2423 ἕτερος
1248 2365 1389 2422 ,,ἔχων
1418 2362 1559 2421 λύραν

73 2435 201 2495 ἔργον
229 2436 441 2494 Εὐδόξου,
479 2439 665 2482 τιταίνει
693 2438 901 2496 ψίθυρον
930 2435 1079 2490 εὐήθη
1111 2435 1290 2493 νόμον.”
1335 2430 1563 2492 μέμνηται]

75 2509 122 2551 δὲ
161 2506 300 2552 αὐτοῦ
335 2512 411 2552 καὶ
450 2511 667 2567 Πολέμων
706 2511 752 2552 ἐν
781 2511 841 2570 τῷ
872 2510 1056 2568 δευτέρῳ
1087 2511 1185 2566 περὶ
1225 2507 1303 2560 τῆς
1337 2505 1554 2560 Ἀθήνη-

75 2594 148 2623 σιν
180 2577 541 2638 Ἐρατοσθένους
580 2581 816 2638 ἐπιδημίας
857 2582 1016 2636 λέγων·
1062 2578 1120 2621 ‘O
1160 2580 1206 2622 δὲ
1241 2576 1554 2632 Ἐξηκεστίδης

72 2653 325 2711 κιθαρῳδὸς
364 2651 669 2706 Πυθιονίκης,
713 2653 815 2713 νικᾷ
868 2654 914 2695 δὲ
961 2653 1038 2695 καὶ
1076 2650 1155 2692 τὸν
1193 2650 1282 2692 τῶν
1320 2648 1553 2707 Καρνείων

74 2718 222 2776 ἀγῶνα
261 2723 340 2766 τὸν
381 2725 428 2767 ἕν
456 2725 764 2782 Λακεδαίμονι
804 2726 879 2768 καὶ
919 2720 1238 2773 Παναθήναια
1276 2720 1358 2772 δίς.
1424 2725 1553 2777 Atqui

74 2798 115 2838 in
147 2797 236 2840 isti·
266 2801 452 2842 versibus
483 2800 702 2842 manifesto
733 2801 804 2841 ille
833 2801 924 2854 ipse
954 2797 1220 2840 citharoedus
1245 2797 1553 2852 perstringitur,
