1716 3164
580 147 1029 192 ARISTOPHANES.
1456 152 1539 192 917

62 270 204 322 petere
239 277 382 306 ausum
413 276 520 303 esse.
580 263 653 303 Sin
690 269 828 303 tamen
859 263 963 304 haec
993 265 1141 305 minu·
1170 264 1361 317 placent,
1400 265 1536 317 possis

60 350 158 378 sane
197 336 319 376 etiam
357 336 435 375 tria
473 347 626 387 genera
668 333 946 386 distinguere,
983 339 1029 374 ut
1066 339 1190 387 poeta
1220 335 1400 387 primum
1444 335 1535 376 aliis

57 407 278 460 particulas
314 407 510 458 quasdam
549 403 781 444 fabularum
815 405 1169 456 suppeditaverit,
1212 418 1370 457 eosque
1398 405 1456 446 ita
1488 407 1531 447 in

58 478 280 517 scribendo
310 476 532 524 adiuverit,
571 473 920 527 quemadmodum
958 476 1094 528 ipsum
1125 475 1452 527 Aristophanem
1489 477 1534 518 in

57 548 277 599 Equitibus
307 548 356 588 ab
387 545 593 599 Eupolide
622 544 774 584 scimus
805 546 1077 587 subornatum
1108 559 1225 596 esse,
1263 545 1339 596 (ut
1368 546 1451 587 hoc
1479 533 1533 588 sit

56 608 494 671 ἐρέτ7]ν’γενὲσθαι),
525 615 676 656 deinde
704 619 750 654 ut
776 618 901 667 poeta
931 629 1027 657 suas
1059 616 1298 657 comoedias
1326 616 1418 657 aliis
1456 617 1530 658 do-

57 689 208 729 cendas
237 687 508 736 commiserit,
549 698 630 739 quo
662 697 768 737 quae
797 686 942 739 populi
973 692 1085 728 esset
1117 688 1305 728 voluntas
1336 688 1530 729 observa-

56 764 123 798 ret
163 759 273 809 (hoc
309 757 419 798 enim
450 760 514 797 est
543 753 849 810 πρῳρατεῦσαι
877 755 953 796 καὶ
982 753 1084 805 τοὺς
1113 752 1301 811 ἀνέμους
1332 755 1529 812 διαθρῆ-

55 829 160 880 σαι)
189 828 366 881 denique
384 832 429 868 ut
456 828 547 880 ipse
571 839 647 867 nuo
674 828 841 867 nomine
867 828 1051 869 dramata
1072 829 1276 871 docuerit.
1336 830 1391 872 Et
1419 830 1528 872 hanc

5 895 7 898 ⁴
54 899 340 940 verecundiam
364 898 421 939 ait
451 898 616 952 dignam
641 911 747 948 esse,
778 910 884 950 quae
906 912 1065 940 summa
1091 900 1313 941 decoretur
1342 900 1491 943 laude:

691 965 872 1008 Τούτων
900 957 981 1008 οὖν
1010 962 1168 1011 οὕνεκα
1197 965 1392 1022 πάντων,

100 1027 170 1076 ὅτι
198 1035 479 1092 σωφρονικῶς
505 1033 611 1078 κούκ
639 1033 837 1088 ἀνοήτως
865 1035 1122 1090 ἐσπηδήσας
1151 1036 1371 1096 ἐφλυάρει,

103 1102 284 1161 αἴρεσθ’
318 1105 436 1164 αὐτῷ
465 1106 578 1150 πολὺ
606 1106 658 1150 τὸ
685 1106 864 1168 ῥόθιον,
895 1108 1225 1168 παραπέμψατ’
1256 1107 1333 1167 ἐφ’
1368 1110 1521 1153 ἕνδεκα

825 1178 995 1231 κώπαις

102 1241 308 1303 θόρυβον
330 1246 525 1306 χρηστὸν
554 1248 786 1304 ληναΐντηι,

101 1312 166 1358 ιν’
197 1315 222 1359 ὁ
251 1318 436 1371 ποιητὴς
463 1317 574 1377 άπίῃ
598 1318 780 1378 χαίρων,

100 1386 214 1430 κατὰ
241 1389 348 1433 νοῦν
376 1387 548 1447 πράξας

0 1513 2 1523 ,
97 1459 285 1516 φαιδρὸς
314 1459 533 1517 λάμποντι
560 1460 791 1520 προσώπῳ.

42 1533 201 1574 Deinde
229 1535 272 1575 in
285 1536 447 1589 Vespis,
478 1549 599 1589 quam
630 1536 887 1577 comoediam
918 1535 1059 1576 docuit
1088 1533 1322 1576 Philonidis
1351 1536 1519 1578 nomine

43 1605 207 1659 Olymp.
226 1606 439 1647 LXXXlX
469 1608 509 1657 2,
540 1619 632 1647 cum
650 1620 756 1648 anno
787 1610 884 1646 ante
899 1607 1044 1647 Nubes
1062 1607 1225 1659 priores
1254 1618 1402 1659 parum
1431 1608 1519 1660 pla—

47 1677 229 1717 cuissent
272 1677 576 1731 spectantibus,
618 1690 762 1718 rursus
810 1690 927 1718 suam
973 1677 1182 1718 collaudat
1225 1679 1517 1720 verecundiam

49 1760 250 1799 suamque
278 1749 559 1801 integritatem
590 1749 795 1789 v.1016:

99 1817 399 1871 Μὲμψασθαι
428 1813 510 1873 γάρ
538 1818 655 1859 τοῖσι
682 1816 874 1865 θεαταῖς
904 1811 928 1856 ὁ
958 1813 1143 1866 ποιητὴς
1172 1814 1253 1856 νῦν
1280 1815 1516 1873 ἐπιθυμεῖ

95 1884 356 1930 ἀδικεῖσθαι
398 1884 482 1944 γάρ
526 1901 666 1944 φησιν
706 1885 915 1944 πρότερος
957 1883 1092 1927 πόλλ’
1140 1884 1302 1937 αὐτούς
1347 1885 1397 1929 εὐ
1440 1902 1515 1930 πε-

823 1953 1026 2008 ποιηκιός,

94 2026 150 2071 τὰ
192 2030 273 2085 μὲν
315 2025 370 2071 οὐ
412 2027 612 2087 φανερῶς
631 2062 642 2083 ,
680 2024 778 2070 ἀλλ’
825 2026 1066 2084 ἐπικουρῶν
1093 2023 1291 2084 κρύβδην
1331 2023 1515 2084 ἑτέροισι

821 2114 1039 2151 ποιηταις,

90 2168 395 2226 μιμησάμενος
422 2167 505 2221 τὴν
533 2165 807 2226 Εὐρυκλέους
836 2167 1052 2225 μαντείαν
1080 2169 1156 2210 καὶ
1187 2163 1406 2216 διάνοιαν,

93 2236 155 2290 εἷς
183 2237 416 2295 ἀλλοτρίας
443 2240 658 2295 γαστέρας
697 2239 821 2289 ἐνδὺς
862 2238 1096 2298 κωμῳδικὰ
1125 2235 1270 2279 πολλὰ
1293 2234 1512 2291 χέασθαι.

96 2309 205 2364 μετὰ
236 2310 365 2351 τοῦτο
387 2309 431 2350 δὲ
462 2310 537 2350 καὶ
567 2309 765 2364 φανερῶς
796 2307 881 2361 ἤδη
913 2306 1176 2350 κινδυνεύων
1205 2304 1321 2349 καθ’
1355 2302 1512 2346 ἑαυτὸν

98 2377 176 2422 οὐκ
220 2377 484 2436 ἀλλοτρίων,
530 2376 632 2421 ἀλλ’
676 2376 846 2421 οἰκείων
891 2379 1091 2422 Μουσῶν
1134 2373 1344 2434 στόμαθ’
1386 2374 1511 2434 ’,ἡνιο-

817 2447 972 2506 χήσας.

39 2523 148 2564 Dicit
189 2523 316 2576 igitur
354 2536 400 2564 se
428 2535 595 2576 semper
624 2524 766 2577 populi
797 2524 1063 2565 Atheniensis
1101 2521 1376 2571 commodum,
1414 2531 1508 2560 cum

38 2594 213 2646 primum
243 2593 405 2634 fabulas
434 2595 659 2648 scripserit,
683 2596 950 2648 spectavisse,
980 2599 1023 2635 et
1052 2607 1146 2635 cum
1175 2593 1311 2634 alieno
1341 2590 1508 2632 nomine

40 2666 225 2705 uteretur
255 2670 298 2706 et
327 2677 419 2706 cum
450 2665 539 2719 ipse
568 2665 728 2707 fabulas
759 2654 954 2707 doceret:
984 2665 1093 2719 quod
1114 2665 1211 2705 dicit
1239 2677 1285 2705 se
1314 2667 1507 2716 tanquam

43 2733 266 2787 Euryclem
314 2737 493 2790 aliquem
549 2739 723 2780 aliorum
761 2750 960 2792 personas
996 2737 1182 2779 induisse
1220 2739 1262 2777 et
1296 2748 1372 2789 per
1407 2733 1509 2775 alios
