1716 3164
1497 141 1605 182 1209

127 251 271 292 Crates
302 247 583 302 Pergamenus
617 250 742 291 1240.

124 320 312 362 Cratinus
343 332 417 372 pro
450 320 581 373 patria
611 325 797 362 mortuus
833 321 956 361 1045.

119 384 343 444 κρεμαστὰ
376 391 418 430 in
449 390 618 430 navibus
647 390 744 431 409.

119 457 420 515 κρεμβαλὶζων
449 460 546 500 301.

120 528 297 585 Κρῆται
327 536 369 571 et
403 526 575 585 Θρᾷκαι
605 542 680 582 pro
714 527 882 583 Κρῆτες
912 535 953 570 et
988 527 1152 586 Θρᾷκες
1183 531 1281 571 815.

120 596 327 656 κρητικὸν
357 601 482 641 vestis
511 614 642 654 genus
672 602 770 642 560.

119 667 238 726 κριὸς
268 668 448 724 τροφεῖα
479 664 679 710 ἀποτίνει
708 672 804 713 463.

121 736 388 796 κρουματικὴ
419 735 641 789 διάλεκτος
669 743 767 783 472.

120 813 241 854 cultri
270 811 461 852 mensarii
491 812 588 853 292.

121 895 341 936 cupressus
371 882 423 922 ad
453 882 626 923 deorum
657 885 812 922 statuas
841 879 1027 925 adhibila
1058 879 1155 919 409.

119 947 361 1005 Κύβδασος
391 952 568 993 daemon
599 952 817 994 Venereus
848 952 944 991 676.

117 1018 407 1075 κυβεπίκυβος
435 1021 533 1062 854.

117 1088 258 1146 κύβοι,
288 1094 405 1134 locus
435 1093 506 1133 ubi
536 1089 686 1147 κύβοις
711 1093 869 1133 luditur
898 1092 997 1132 891.

116 1159 238 1215 κύλιξ
266 1158 498 1218 ἆρύστιχος
527 1167 570 1204 et
598 1164 747 1205 similia
775 1164 994 1206 coniuncta
1026 1159 1121 1201 158.

116 1229 291 1283 Κύλλος
320 1247 471 1275 nomeu
500 1235 714 1288 proprium
744 1237 814 1277 79.

114 1303 274 1347 κυλλοῦ
304 1300 423 1358 πήρα
452 1305 522 1345 79.

115 1371 225 1418 κύνα
255 1373 395 1430 δέρειν
423 1371 697 1429 δεδαρμένην
726 1376 824 1418 341.

114 1442 370 1488 κυσολάκων
398 1445 636 1487 Alcibiades
665 1446 763 1487 200.

114 1511 240 1564 κύτος
269 1514 450 1568 λέβητος
480 1519 521 1557 et
551 1516 699 1557 similia
729 1516 826 1557 684.

114 1585 281 1642 κυψέλη
311 1583 357 1626 ἐν
384 1582 494 1626 ω’σὶν
522 1586 619 1627 515.

826 1695 874 1739 Δ.

116 1796 278 1849 Dactyli
313 1795 429 1839 ldaei
459 1796 529 1836 54.

116 1861 326 1914 δάκτυλος
354 1860 636 1921 φαρμακίτης
664 1866 762 1909 454.

113 1938 282 1979 Daesias
313 1936 493 1977 caelator
521 1937 620 1978 723.

115 2007 432 2048 Damasistratus
464 2007 594 2048 Chius
622 2007 721 2048 572.

114 2078 271 2119 Damon
301 2077 483 2117 musicus
512 2077 685 2118 Periclis
715 2077 756 2117 in
787 2080 876 2117 arte
907 2078 1061 2118 musica
1092 2076 1292 2132 magister
1319 2074 1414 2114 683.

117 2142 340 2194 δασύπους
365 2147 490 2200 *lepus
519 2148 618 2188 211.

117 2214 207 2256 δεῖν
235 2217 264 2256 i.
295 2229 333 2268 q.
366 2213 466 2254 δέον
496 2217 622 2258 1040.

117 2283 251 2325 δεῖνα.
309 2280 332 2324 ὁ
365 2282 487 2324 δεῖνα
517 2286 617 2327 heus
648 2291 695 2326 tu
724 2285 821 2327 274.
853 2284 951 2328 522.

119 2353 189 2395 δεῖ
213 2367 260 2395 σε
290 2347 408 2402 ὅπως
437 2356 506 2396 82.

117 2423 274 2479 δειᾳὲω
305 2430 347 2465 et
377 2422 513 2478 διφὲω
545 2426 612 2467 16.

115 2496 374 2537 Democritus
403 2496 535 2537 Chius
564 2497 665 2538 449.

116 2565 361 2618 Demophon
402 2570 444 2606 et
474 2567 724 2621 Telesippus
754 2569 1024 2623 Hippocratis
1065 2571 1140 2610 filii
1181 2570 1232 2610 ob
1276 2572 1488 2621 stuporem
1515 2578 1588 2606 no-

173 2636 247 2676 tati
276 2635 374 2675 479.

124 2700 424 2761 δημοσάτυροι
454 2709 497 2748 et
527 2702 836 2761 ὃημοπίθηκοι
867 2709 963 2751 396.
