1716 3164
188 193 299 234 1⁰84
706 191 1116 235 ARISTOPHANIS

186 301 232 343 ἐκ
266 300 352 342 τῶν
386 297 551 341 πόλεων
586 297 673 341 τῶν
710 299 978 354 μετεχουσῶν
1013 300 1088 351 τῆς
1123 298 1469 358 Ἀμφικτυονίας
1503 305 1630 357 τινές,

190 366 315 422 οἵπερ
342 368 573 410 ἐκαλοῦντο
603 366 875 426 Πυλαγόραι.
913 366 1236 425 μνημονεύουσι
1265 371 1310 412 δὲ
1338 370 1500 414 τούτων
1525 375 1629 416 πολ-

186 439 254 479 λοὶ
284 432 429 493 ὥσπερ
466 466 530 496 -Μ
556 438 631 480 καὶ
655 435 984 494 Ἀριστοφάνης
1011 439 1058 480 ἐν
1086 441 1180 488 ταῖς
1208 439 1423 496 δευτέραις
1454 443 1627 498 Θεσμο-

186 504 509 563 φοριαζούσαις.
569 509 747 550 Iudicavi
776 511 959 551 lacunam
988 523 1025 551 v.
1055 512 1094 551 3.
1152 512 1345 551 ceterum
1375 514 1629 556 Fritzschius

183 592 224 631 p.
252 579 305 618 81
336 591 385 618 ex
413 579 494 619 hoc
523 579 614 619 Ioco
645 579 916 619 coniecturam
945 579 1046 619 fecit
1076 580 1128 619 de
1157 583 1366 632 tempore,
1405 595 1486 635 quo
1527 583 1629 624 hacc

184 646 320 688 fabula
349 648 467 689 docta
495 649 560 697 sit,
589 648 686 689 satis
714 649 827 689 illam
857 649 1022 700 quidem
1051 649 1260 690 incertam.

876 769 970 810 XII.

344 846 430 897 ‘529
459 844 533 888 διά
560 862 608 901 γε
637 847 766 889 τοῦτο
796 846 956 898 τοῦπος
988 845 1042 891 οὐ
1070 845 1264 904 δύναμαι
1291 850 1435 906 φέρειν

348 928 477 982 σκεύη
506 930 700 973 τοσαῦτα
729 932 803 973 καὶ
832 931 909 974 τὸν
939 923 1059 987 ὦμον
1088 930 1326 987 θλίβομαι.

291 1042 519 1084 Scholiasta
559 1044 765 1085 Ranarum
795 1055 832 1085 ν.
863 1046 915 1086 3:
964 1041 1035 1093 Νὴ
1073 1041 1150 1083 τὸν
1179 1040 1258 1084 Δί’
1295 1036 1364 1084 ὅτι
1391 1039 1538 1096 βούλει
1565 1059 1627 1098 γε,

110 1132 115 1135 -
181 1108 296 1161 πλὴν
323 1110 542 1166 πιέζομαι·
571 1107 714 1152 Ἴδιον
743 1109 877 1153 αὐτοῦ
907 1110 956 1153 τὸ
985 1107 1044 1160 εἰς
1074 1111 1222 1152 ταῦταχ
1243 1109 1541 1163 ὀλισθαίνειν,
1569 1110 1626 1161 ὠς

180 1181 256 1222 καὶ
293 1179 340 1221 ἐν
386 1177 843 1235 Θεσμοφοριαζούσαις
885 1177 1097 1236 θεράπων
1137 1178 1295 1236 φησίν·
1337 1178 1422 1229 Ὠς
1467 1178 1542 1221 διά
1580 1196 1626 1234 γε

180 1248 309 1291 τοῦτο
343 1249 434 1292 κτλ.
505 1252 818 1303 Aristophanem
863 1265 943 1292 non
987 1252 1207 1292 descivisse
1250 1253 1300 1292 ab
1350 1253 1516 1304 antiqua
1555 1253 1625 1294 ina

179 1321 487 1371 cousuetudine,
515 1322 593 1361 etsi
622 1322 804 1362 aemulos
834 1334 883 1363 eo
914 1322 1078 1362 nomine
1106 1322 1270 1374 saepius
1301 1322 1403 1370 risit,
1427 1322 1554 1362 docui
1582 1323 1624 1362 in

180 1391 412 1432 Comment.
442 1403 484 1443 p.
514 1391 597 1430 272
626 1388 774 1443 φέρειν
800 1386 927 1440 σκεύη
956 1391 1180 1432 Seidlerus.
1239 1390 1469 1444 Legebatur
1498 1385 1626 1440 σκεύη

181 1458 344 1514 φέρειν.

849 1528 967 1569 XIII.

407 1606 540 1663 Οἶμοι
567 1606 846 1664 κακοδαίμων
873 1607 951 1659 τῆς
979 1605 1089 1650 τόθ’
1120 1606 1293 1665 ἡμέρας,
1322 1603 1392 1651 ὅτε

401 1682 518 1733 εἶπέν
546 1689 601 1746 μ’
631 1690 655 1733 ὁ
683 1689 826 1748 κῆρυξ,
858 1684 983 1741 οὗτος
1009 1689 1208 1748 ἆλφάνει.

288 1803 435 1845 Suidaa
477 1808 519 1845 et
560 1805 855 1845 Grammaticus
900 1805 1076 1846 Bekkeri
1114 1819 1154 1858 p.
1185 1807 1267 1846 382
1294 1807 1344 1846 8:
1387 1799 1621 1858 Ἀλφάνει·

178 1868 374 1927 εὑρίσκει,
398 1868 728 1927 Ἀριστοφάνης
761 1869 1227 1927 Θεσμοφοριαζούσαις.
1270 1875 1499 1915 Meinekius
1526 1875 1564 1914 11
1596 1875 1617 1913 l

178 1957 220 1995 p.
251 1943 331 1982 531
375 1943 538 1984 coniicit
575 1939 690 1992 αἰνὴν
727 1938 925 1996 ἅλῳάνει.
980 1944 1096 1984 Haec
1126 1957 1175 1984 ex
1204 1944 1349 1985 eodem
1378 1945 1468 1985 Ioco
1497 1945 1624 1996 petita

178 2012 380 2054 videntur.

847 2099 959 2142 XIV.

403 2177 494 2231 Τὴν
521 2178 711 2235 πτέρυγα
740 2178 1035 2235 παραλύσασα
1063 2178 1141 2221 τοῦ
1162 2181 1366 2235 χιτωνίου

397 2264 472 2305 καὶ
501 2262 587 2304 τῶν
614 2260 888 2318 ἀποδέσμων,
919 2257 984 2314 οἷς
1011 2263 1113 2315 ἐνῆν
1141 2261 1358 2306 τιτθίδια.

287 2377 434 2417 Pollux
464 2377 542 2418 VII
571 2377 647 2417 66:
673 2371 910 2431 ’Ἀντικρυς
948 2373 994 2415 δὲ
1031 2372 1081 2416 τὸ
1120 2373 1200 2416 νῦν
1236 2369 1503 2429 καλούμενον
1536 2371 1620 2415 ὑπὸ

176 2442 265 2485 ταῖν
290 2443 503 2498 γυναικῶν
531 2439 843 2498 στηθόδεσμον
871 2441 1122 2499 ἀπόδεσμον
1150 2440 1341 2486 ἐκάλουν.
1400 2437 1537 2499 εὕροις
1565 2440 1618 2483 δ’

177 2508 233 2553 ἂν
267 2510 586 2568 ὀνομαζόμενον
627 2511 876 2567 ἀπόδεσμον
917 2511 962 2554 ἑν
1002 2509 1457 2568 Θεσμοφοριαζούσαις
1492 2508 1620 2566 Ἀρι-

1700 2573 1705 2588 ι

179 2578 450 2636 στοφάνους·
492 2581 583 2633 Τὴν
618 2582 806 2639 πτέρυγα
834 2581 924 2624 κτλ.
989 2585 1126 2638 Vulgo
1156 2578 1491 2638 παραλύσασαν,
1522 2595 1615 2623 cor-

178 2653 282 2695 rexit
295 2654 535 2704 Brunckius,
565 2654 673 2696 idem
702 2655 808 2696 male
836 2650 891 2693 τὰ
919 2648 1077 2694 τιτθία
1106 2653 1283 2707 scripsit,
1312 2651 1495 2705 quamvis
1523 2663 1618 2705 pro·

180 2723 303 2765 hante
331 2722 556 2765 Dindorfio.
