1716 3164
201 184 312 227 1⁰14
711 183 1116 228 ARISTOPHANJS

203 295 336 344 detur,
365 293 472 346 quod
502 293 591 334 cod.
622 294 816 334 Falkenb.
847 294 1035 345 praebet:
1066 291 1306 347 περίθεσιν.
1363 298 1472 339 Fieri
1503 303 1638 351 potest

203 368 249 404 ut
277 362 534 414 Agathonem
564 375 679 402 coma
707 363 882 402 subditia
912 368 1096 402 ornatum
1126 364 1346 414 induxerit,
1385 368 1498 406 cuius
1536 369 1638 407 mol-

203 431 332 470 litiem
359 430 448 469 risit
475 431 515 469 in
547 431 624 470 hac
651 431 809 480 fabula,
840 431 917 471 vid.
950 433 1018 471 Fr.
1048 432 1146 471 XX:
1178 433 1309 472 simile
1336 434 1376 472 in
1406 435 1492 487 ipsa
1521 438 1637 476 dissi·
1694 447 1703 459 ¹

203 498 432 539 militudine
470 504 532 540 est
561 500 669 551 quod
712 500 809 539 dicit
846 501 955 563 idem
998 500 1068 539 ille
1099 500 1257 552 Agatho
1283 501 1326 540 in
1357 502 1641 557 Thesmopho-

202 568 301 607 riaz.
339 580 376 607 v.
417 567 521 608 258:
575 564 675 606 Ἡδὶ
715 569 795 619 μὲν
830 564 907 607 οὐν
956 566 1134 622 Κεφαλή
1183 567 1413 621 περίθετος
1457 566 1512 619 ἣν
1561 571 1636 624 ἐγώ

203 630 367 690 νύκτωρ
394 635 523 690 φέρω.

842 719 1013 760 xxxn.

314 802 550 843 Athenaeus
580 802 657 845 Vll
687 815 727 854 p.
757 803 834 842 321
870 805 926 843 A:
964 797 1267 855 Σκόμβρος.
1321 798 1648 858 Ἀριστοφάνης

204 866 447 925 Γηρυτάδῃ.

714 952 905 992 xxxm.
962 952 1149 994 xxxiv.

238 1026 244 1033 ¹
317 1035 464 1076 Pollux
509 1035 585 1077 vl!
627 1036 681 1075 7:
733 1033 822 1073 Καὶ
866 1029 1090 1087 ὁμότεχνοι
1131 1032 1176 1073 δέ
1220 1033 1297 1074 καὶ
1344 1029 1649 1088 σύντεχνοι.

205 1098 531 1158 Ἀριστοφάνης
559 1101 640 1157 γὰρ
668 1102 714 1142 ἐν
745 1100 975 1158 Γηρυτάδῃ
1004 1101 1141 1159 τούτῳ
1170 1102 1381 1156 κέχρηται.
1434 1129 1489 1135 —-
1537 1105 1650 1145 Idem

206 1172 245 1214 X
275 1174 378 1213 109:
413 1168 492 1212 Ἐν
521 1170 566 1212 δὲ
595 1171 654 1228 τῷ
681 1169 913 1227 ,Γηρυτάδῃ
943 1168 966 1211 ὁ
1003 1168 1332 1226 Ἀριστοφάνης
1367 1169 1477 1223 λέγει
1509 1170 1652 1226 Φορ-

207 1238 287 1296 μῷ
327 1237 598 1296 σχοινὶνῳ.
656 1242 761 1283 adde
790 1241 1003 1283 V11175:
1042 1240 1136 1280 Καὶ
1177 1235 1395 1296 φορμὸν
1423 1238 1468 1279 δὲ
1498 1237 1652 1294 σχοί-

207 1320 361 1350 νινον
388 1305 412 1349 ὁ
442 1305 574 1358 αὐτὸς
604 1309 726 1362 λέγει.

803 1424 1055 1433 ----

673 1554 1191 1599 ΔΑΙΔΑΛΟΣ.

323 1678 385 1718 De
413 1681 621 1730 tempore,
663 1691 743 1731 quo
773 1678 877 1721 haec
907 1678 1116 1718 comoedia
1145 1677 1264 1718 docta
1293 1678 1368 1727 sit,
1408 1678 1508 1718 nihil
1538 1678 1658 1730 plane

216 1751 470 1799 compertum
500 1747 663 1787 habeo:
690 1749 797 1788 inter
812 1748 1060 1800 posteriores
1080 1753 1213 1787 tamen
1231 1747 1448 1787 reserenda
1478 1759 1569 1786 esse
1599 1747 1658 1786 vi-

214 1815 349 1857 detur.
418 1816 502 1855 lam
541 1829 638 1856 vero
676 1818 867 1856 Clemens
908 1817 1022 1857 Alex.
1062 1817 1211 1857 Strom.
1243 1817 1298 1857 Vl
1337 1829 1376 1868 p.
1405 1816 1487 1855 753
1527 1815 1660 1866 arguit

213 1896 411 1924 summam
451 1885 756 1926 similitudinem
793 1886 900 1925 inter
938 1885 1044 1925 hanc
1080 1891 1122 1925 et
1161 1885 1443 1937 cognominem
1481 1883 1659 1923 fabulam

216 1952 399 1993 Platonis
435 1955 739 2004 intercessisse,
778 1952 966 1992 Πλάτων
1004 1952 1048 1992 δὲ
1078 1949 1101 1993 ὁ
1130 1950 1318 2006 κωμικὸς
1345 1952 1419 1992 καὶ
1450 1947 1660 2003 Ἀριστο-

215 2016 359 2072 ᾳάνης
396 2019 442 2059 ἐν
471 2021 530 2077 τῷ
557 2019 759 2077 Δαιδάλῳ
794 2020 847 2061 τὰ
877 2017 1074 2070 ἀλλήλων
1102 2018 1403 2075 ὑφαιροῦνται.
1473 2020 1559 2060 cfr.
1592 2020 1661 2072 qui

217 2089 270 2129 de
307 2091 553 2131 comicorum
591 2092 711 2132 furtis
749 2092 846 2131 satis
884 2092 1008 2131 multa
1041 2092 1261 2131 memoriae
1291 2089 1489 2142 prodidit,
1529 2091 1661 2129 Euse-

218 2158 330 2198 bium
359 2159 400 2199 in
431 2160 624 2213 Praepar.
658 2163 813 2212 Evang.
843 2159 879 2199 X
910 2161 949 2198 2.
1014 2159 1121 2198 Illud
1158 2159 1320 2211 quidem
1358 2159 1549 2198 Clemens
1582 2169 1664 2196 non

223 2227 412 2268 distincte
451 2231 661 2281 exposuit,
703 2235 794 2269 uter
837 2232 971 2267 utrum
1001 2233 1162 2279 poetam
1192 2227 1246 2267 sit
1280 2218 1482 2274 imitatus,
1522 2237 1664 2264 verum

220 2297 290 2348 qui
318 2297 531 2348 utriusque
559 2302 707 2350 poetae
747 2297 955 2349 ingenium
993 2300 1106 2335 recte
1136 2296 1391 2347 cognoverit,
1429 2307 1508 2333 non
1549 2293 1666 2332 dubi-

220 2366 342 2413 tabit,
372 2366 491 2416 quin,
521 2366 556 2405 si
585 2379 663 2418 qua
690 2365 802 2405 fraus
831 2365 909 2404 fuit
938 2365 979 2404 in
1008 2365 1079 2404 illa
1109 2364 1396 2411 similitudine,
1427 2375 1474 2400 ea
1504 2362 1544 2400 in
1575 2361 1666 2400 Pla-

221 2438 359 2473 tonem
403 2434 551 2486 magis,
590 2447 708 2486 quam
746 2434 787 2473 in
825 2432 1145 2484 Aristophanem*
1185 2433 1313 2472 cadat.
1388 2430 1487 2471 Veri
1531 2434 1665 2469 autem

221 2503 354 2542 simile
384 2507 447 2541 est
467 2503 780 2554 Aristophanem
810 2501 1011 2541 notavisse
1028 2501 1240 2541 Platonem
1268 2501 1349 2539 hoc
1377 2499 1466 2551 ipso
1491 2497 1667 2545 nomine,

223 2571 562 2622 quemadmodum
599 2573 641 2612 in
675 2571 864 2611 Parabasi
903 2570 1081 2621 Anagyri
1117 2571 1187 2609 Fr.
1217 2568 1368 2610 xvlu.
1405 2565 1668 2618 reprehendit

225 2639 364 2680 nescio
394 2651 514 2690 quem
544 2645 705 2692 poetam
736 2639 946 2687 comicum,
977 2639 1046 2690 qui
1075 2650 1148 2677 sua
1176 2637 1251 2677 sibi
1279 2634 1540 2687 surripuerit:

318 2696 417 2748 “Ex
448 2704 492 2744 δὲ
521 2705 597 2755 τῆς
627 2705 731 2759 ἐμῆς
757 2702 962 2760 χλανίδος
992 2705 1100 2761 τρέῖς
1129 2700 1370 2757 ἁπληγίδας
1398 2700 1547 2744 ποιῶν.
