1716 3164
203 184 286 225 ⁹08
703 182 1115 228 ARISTOPHANIS

265 285 410 348 εὕρετο
439 290 527 333 πᾶν
552 286 608 332 ἂν
636 290 709 334 διὰ
737 292 815 342 τὰς
829 289 1030 350 λιπαράς,
1057 289 1211 349 ἀφύων
1237 292 1370 350 τιμὴν
1391 294 1621 354 περιάψας.

261 359 404 402 ταῦτα
435 357 622 412 ποιήσας
650 362 822 404 πολλῶν
849 360 1039 417 &70:191521
1067 362 1205 413 αἴτιος
1232 360 1333 418 ὑμῖν
1361 367 1596 420 γεγένηται,

259 428 500 479 καὶτοὺς
529 428 737 485 δήμους
773 431 828 473 ἐν
856 434 976 482 ταῖς
1003 430 1227 474 πόλεσιν
1256 432 1435 486 δείξας
1472 434 1536 485 ὠς
1565 436 1650 486 δη-

969 501 1395 559 μοκρατοῢνται.

261 564 480 622 τοιγάρτοι
509 568 588 609 νῦν
615 568 661 610 ἐκ
688 567 774 609 τῶν
801 567 967 611 πόλεων
996 571 1071 613 τὸν
1101 570 1239 628 φόρον
1264 571 1369 628 ὑμῖν
1396 570 1636 627 ἀπάγοντες

258 631 438 689 ἥξουσιν
467 632 574 679 ἰδεῖν
602 638 921 692 ἐπιθυμοῐντες
950 640 1027 682 τὸν
1055 641 1242 693 ποιητὴν
1269 641 1347 683 τὸν
1375 640 1570 698 ἄριστον,

258 702 378 755 ὅστις
407 703 758 762 παρεκινδύιέυσ’
797 704 932 750 εἰπεῖν
960 709 1005 750 ἐν
1032 708 1302 762 Ἀθηναίοις
1330 711 1384 752 τὰ
1413 711 1577 755 δίκαια.

210 778 343 827 Haec,
373 779 441 817 ubi
473 780 770 830 comparaveris
793 791 884 819 cum
913 782 962 820 iis
981 781 1300 823 Acharnensium
1329 785 1524 834 versibus,
1554 796 1654 836 qnos

209 859 334 899 supra
370 847 563 896 indicavi,
603 848 698 899 quin
735 850 966 901 pertineant
1002 851 1053 891 ad
1090 852 1361 903 Babylonios,
1402 866 1482 894 non
1518 859 1655 906 potest

212 916 401 966 cuiquam
432 916 562 956 videri
592 916 771 957 dubium.
828 918 1120 971 Aristophanes
1150 921 1277 971 enim,
1318 934 1411 962 cum
1437 923 1479 963 in
1509 924 1654 963 Daeta-

210 984 395 1025 lensibus
441 987 564 1025 vitam
602 986 912 1027 Atheniensium
951 991 1147 1042 privatam
1186 991 1510 1043 perstrinxisset,
1550 1005 1654 1032 anno

204 1057 298 1106 post
333 1067 424 1094 cum
452 1055 698 1108 Babylonios
738 1056 926 1107 doceret,
962 1059 1141 1100 animum
1179 1061 1229 1100 ad
1259 1061 1441 1112 publicas
1477 1074 1544 1100 res
1583 1061 1655 1100 ad-

207 1124 352 1162 vertit:
385 1128 426 1161 et
457 1137 554 1163 sane
584 1125 711 1164 multa
742 1131 871 1175 erant,
901 1140 1004 1178 quae
1023 1135 1185 1180 poetam
1215 1129 1486 1168 sollicitudine
1514 1133 1556 1168 et
1583 1131 1655 1168 tri-

207 1193 317 1231 stitia
353 1192 591 1232 afficerent:
639 1197 797 1233 aestate
836 1196 945 1235 enim
982 1197 1077 1245 illa,
1115 1209 1221 1248 quae
1257 1197 1377 1236 modo
1414 1210 1654 1249 praegressa

210 1265 295 1309 est,
337 1260 650 1301 Lacedaemonii
689 1263 840 1303 iterum
874 1265 1147 1305 incursionem
1185 1265 1226 1305 in
1257 1266 1430 1306 Atticam
1459 1266 1655 1317 fecerant,

209 1332 252 1370 et
301 1341 458 1370 summa
510 1343 602 1371 cum
650 1332 816 1372 saevitia
867 1338 988 1385 atque
1029 1335 1270 1375 crudelitate
1313 1349 1431 1388 agros
1451 1384 1456 1389 ,
1475 1340 1656 1376 vastave-

208 1402 313 1448 rant,
344 1399 425 1439 vid.
455 1400 644 1454 Thucyd.
676 1401 734 1440 111
764 1403 843 1451 263
873 1403 1031 1443 Lesbos
1061 1404 1206 1453 insula,
1237 1418 1340 1456 quae
1370 1404 1577 1444 defecerat
1605 1406 1655 1444 ab

209 1467 553 1517 Atheniensibus,
591 1459 672 1508 'fuit
702 1482 800 1510 sane
830 1483 970 1512 rursus
998 1473 1039 1512 in
1068 1472 1319 1514 deditionem
1354 1479 1545 1526 recepta,
1583 1474 1656 1513 sed

211 1541 294 1577 tam
325 1537 494 1576 crudele
523 1539 766 1590 supplicium
796 1539 848 1580 de
877 1541 1036 1581 Lesbiis
1064 1547 1317 1591 sumserunt,
1353 1544 1432 1582 vid.
1467 1543 1657 1595 Thucyd.

218 1606 279 1645 111
310 1606 383 1654 50,
414 1611 458 1645 ut
488 1608 615 1659 magis
644 1609 766 1647 etiam
795 1610 998 1649 sociorum
1029 1612 1183 1651 animos
1212 1626 1236 1651 a
1264 1625 1309 1651 se
1337 1613 1584 1651 alienarent:
1615 1616 1656 1651 et

212 1681 349 1715 tamen
380 1675 534 1724 Cleon,
564 1676 631 1727 qui
661 1677 780 1716 nimis
813 1677 924 1717 dirae
953 1678 1087 1718 fuerat
1116 1685 1258 1720 auctor
1286 1681 1526 1728 sententiae,
1556 1680 1658 1719 nihil

213 1744 429 1792 effecerat,
466 1745 620 1784 vicerat
650 1746 757 1784 enim
788 1747 926 1786 mitior
955 1748 1119 1787 Diodoti
1145 1750 1299 1789 animus
1326 1750 1367 1788 in
1398 1749 1537 1802 populi
1561 1761 1657 1788 con-

215 1813 346 1862 cione,
376 1813 456 1852 vid.
487 1814 675 1867 Thucyd.
708 1815 765 1854 111
800 1816 853 1854 36
882 1830 942 1868 sq.
1000 1819 1056 1857 Et
1084 1822 1129 1857 ut
1158 1819 1254 1858 alias
1283 1819 1465 1858 omittam
1496 1819 1658 1858 calami-

215 1887 340 1931 tates,
370 1883 444 1921 sub
482 1882 659 1922 hiemem
690 1884 862 1935 pestifer
900 1886 971 1925 ille
1001 1887 1166 1927 morbus
1195 1887 1328 1926 denuo
1359 1888 1501 1926 saeviit
1529 1888 1658 1927 Athe-

214 1952 303 2000 nis,
340 1951 420 1990 vid.
451 1951 640 2003 Thucyd.
675 1953 734 1992 111
777 1954 854 1994 81:
896 1959 1034 1995 tamen
1072 1957 1344 1996 Athenienses
1388 1961 1542 1995 tantum
1588 1956 1658 1994 ab·

217 2024 358 2068 erant,
395 2024 441 2059 ut
477 2021 573 2059 belli
610 2023 724 2062 malis
759 2024 882 2063 finem
922 2024 999 2075 ipsi
1036 2025 1314 2076 imponerent,
1353 2028 1400 2064 ut
1437 2025 1660 2074 Leontinis,

218 2090 288 2140 qui
324 2102 444 2140 opem
475 2089 785 2131 Atheniensium
820 2092 1134 2144 impetraverant
1173 2093 1324 2145 Gorgia
1357 2098 1524 2134 auctore
1561 2095 1660 2146 (qul

217 2158 363 2198 missus
393 2161 455 2196 est
483 2158 640 2209 legatus
670 2159 850 2200 Athenas
880 2161 1010 2201 Eucle
1039 2166 1242 2214 praetore,
1272 2162 1351 2202 vid.
1377 2162 1659 2203 Diodor.X111

218 2226 307 2277 53)
355 2228 431 2267 sub
469 2231 689 2267 extremam
729 2234 924 2270 aestatem
961 2231 1103 2284 viginti
1141 2244 1264 2271 naves
1301 2232 1482 2271 subsidio
1524 2233 1660 2273 mitte-

218 2300 325 2335 rent.
398 2297 536 2345 Haec,
567 2309 670 2348 quae
700 2299 877 2339 breviter
905 2304 1061 2340 tantum
1089 2301 1203 2340 licuit
1233 2300 1486 2350 adumbrare,
1517 2306 1661 2353 poetae

219 2365 352 2405 animo
383 2366 715 2417 obversabantur,
744 2380 835 2408 cum
863 2370 969 2409 hanc
997 2370 1247 2410 comoediam
1278 2370 1494 2419 scriberet,
1523 2371 1660 2423 itaque

221 2434 303 2474 duo
332 2435 588 2486 potissimum
627 2437 773 2489 elegit,
811 2451 914 2489 quae
942 2439 984 2479 in
1014 2440 1192 2479 medium
1221 2440 1427 2491 proferret
1463 2441 1660 2480 omnium-

218 2516 300 2554 que
330 2504 457 2543 oculis
487 2505 718 2546 subiiceret.
782 2509 837 2548 Et
865 2509 1038 2560 primum
1067 2510 1230 2560 quidem
1267 2510 1508 2562 vituperavit
1534 2509 1661 2549 Athe-

221 2572 398 2621 nienses,
429 2574 538 2625 quod
566 2574 725 2626 legatis,
754 2576 823 2628 qui
850 2578 948 2629 ipsis
978 2583 1134 2618 temere
1163 2579 1460 2626 blandirentur,
1489 2581 1571 2617 tam
1600 2578 1660 2618 fa-

222 2641 322 2680 ciles
352 2643 595 2692 praeberent
624 2657 756 2696 aures,
786 2658 863 2686 nec
898 2646 1130 2688 dubitarent
1156 2649 1234 2700 ipsi
1270 2661 1315 2688 se
1343 2647 1524 2687 maximis
1553 2647 1661 2699 peri-

223 2710 324 2752 culis
366 2711 460 2751 belli
500 2713 691 2757 obiicere.
756 2715 928 2769 Gorgias
967 2717 1073 2759 enim
1104 2722 1353 2770 quantopere
1382 2716 1547 2758 flumine
1577 2717 1660 2756 ele-
