1716 3164
160 174 256 213 ⁰70⁷
660 171 1070 214 AmSTOPHAMS

159 290 321 336 quoque
350 296 372 322 a
402 283 606 324 Ranar'um
636 283 785 334 choro,
823 284 893 336 qui
922 288 985 323 est
1013 284 1054 323 in
1085 285 1274 334 exordio,
1303 299 1450 327 nomen
1485 300 1602 328 acce-

157 358 319 406 perunt.
377 353 579 404 pertinent
602 354 685 393 huc
716 354 747 393 F
750 367 783 394 r.
817 353 999 393 1—-Vll.
1059 354 1187 393 Poeta
1214 360 1348 395 autem
1379 369 1471 396 cum
1502 357 1601 396 Per-

157 435 293 463 sarum
322 422 566 474 legationem
596 423 819 472 exhiberet,
850 436 928 461 non
949 435 1046 462 sane
1069 422 1119 461 ad
1145 423 1353 464 veritatem
1373 439 1458 466 rem
1489 439 1600 465 com-

158 493 316 545 posuit,
357 504 487 542 neque
525 492 631 531 enim
668 492 863 531 credibile
903 497 964 531 est
1003 504 1147 531 revera
1177 493 1283 532 circa
1311 494 1412 532 illud
1442 499 1600 546 tempus

158 575 179 600 a
212 562 346 601 Persis
377 562 532 613 legatos
562 562 742 602 Athenas
772 562 915 601 missos
955 574 1068 609 esse,
1104 565 1145 600 at
1175 561 1254 601 fuit
1292 566 1451 611 tamen,
1492 564 1600 614 quod

157 632 263 671 hanc
290 630 504 681 imaginem
535 637 679 681 poetae
709 632 1001 682 suppeditaret.
1043 631 1228 682 Namque
1258 631 1364 670 circa
1394 632 1491 671 belli
1521 633 1598 672 Pe-

156 700 431 753 loponnesiaci
470 700 627 740 initium
668 700 937 740 Athenienses
978 700 1248 750 legationem,
1295 701 1359 739 cui
1403 701 1599 740 intererat

157 771 402 821 Morychus,
450 770 638 807 videntur
678 769 729 806 ad
775 781 914 819 regem
954 768 1167 806 Persarum
1209 770 1386 818 misisse,
1433 775 1478 810 ut
1513 771 1599 811 eius

155 839 369 879 amicitiam
406 838 484 877 sibi
519 838 805 885 conciliarent,
842 836 1057 876 scholiasta
1094 849 1191 875 sane
1221 837 1473 889 Thucydidis
1504 839 1541 879 ΙΙ
1571 840 1599 879 7

155 910 267 948 dicit
280 908 552 949 Athenienses
581 907 632 946 ad
663 906 866 954 Thraces,
909 905 1253 948 Lacedaemonios
1282 894 1333 946 ad
1364 907 1509 947 Persas
1538 908 1598 947 le-

155 984 270 1032 gatos
301 978 478 1023 misisse,
514 974 557 1014 οἱ
584 976 664 1027 μὲν
687 969 1028 1027 Λακιὸαιμὸνιοι
1059 970 1165 1026 πρὸς
1197 973 1294 1021 τοὺς
1322 973 1522 1029 Πέρσας,
1556 975 1599 1015 οἱ

154 1043 202 1085 δ’
231 1043 478 1095 Ἀθηναῖοι
507 1041 613 1097 πρὸς
641 1042 739 1091 τοὺς
771 1042 964 1098 Θρᾷκαςς
999 1047 1040 1083 at
1069 1044 1196 1083 multo
1228 1045 1354 1096 magis
1383 1051 1597 1086 consenta-

153 1129 276 1166 neum
316 1118 398 1165 est,
436 1120 631 1165 utrosque
661 1114 879 1154 Persarum
920 1113 1110 1152 auxilium
1151 1113 1363 1152 ambitiose
1393 1116 1597 1166 petivisse.

153 1188 208 1228 At
235 1185 424 1237 Morycbi
451 1184 698 1236 legationem
727 1183 827 1222 satis
856 1182 1034 1222 illustrat
1062 1181 1354 1232 Aristophanes
1382 1183 1423 1222 iu
1454 1183 1599 1235 Vespis

151 1254 350 1295 v.1133·
391 1250 473 1293 (DI.
509 1249 642 1291 Τουτὶ
676 1248 728 1290 τὸ
756 1246 889 1290 κακὸν
926 1245 969 1288 τί
998 1247 1090 1289 ἐστι
1116 1245 1223 1302 πρὸς
1252 1244 1428 1290 πάντων
1454 1248 1598 1302 θεωνς

150 1320 332 1364 ΒΔ.οἱ
358 1323 439 1376 μὲν
463 1319 646 1361 καλοῦσι
672 1315 878 1374 Περσίδ’,
912 1319 955 1360 οἱ
984 1318 1030 1360 δὲ
1059 1314 1310 1367 Καυνάκην.
1373 1318 1452 1360 (DL
1482 1316 1594 1373 Ἐγω

152 1392 199 1434 δὲ
236 1389 421 1448 σισύραν
456 1388 601 1447 ᾠόμην
642 1385 912 1442 Θυμοιτάδα
987 1386 1068 1429 (DI.
1115 1382 1210 1427 Κού
1248 1385 1409 1441 θαῦμά
1446 1386 1513 1442 γ’·
1554 1388 1598 1438 ἐς

151 1459 335 1518 Σάρδεις
370 1458 452 1517 γὰρ
494 1456 572 1500 οὐκ
605 1455 840 1509 ἐληλυθας.
889 1454 1057 1511 ’Έγνως
1086 1454 1169 1511 γάρ
1197 1453 1272 1496 ἄν·
1303 1456 1381 1497 νῦν
1420 1455 1468 1497 δ’
1500 1454 1597 1512 οὐχι

150 1528 408 1586 γιγνώσκεις.
478 1528 561 1572 (DI.
595 1524 729 1582 'E7w'3
768 1525 851 1569 Μὰ
878 1525 957 1568 τὸν
983 1522 1058 1568 Δί’
1090 1524 1144 1570 οὐ
1173 1524 1339 1567 τοίνυν·
1381 1525 1493 1583 ἀτὰρ
1522 1527 1594 1568 δο·

150 1602 219 1644 κεῖ
241 1601 286 1654 γέ
313 1614 390 1655 μοι
417 1597 632 1639 Ἐοικέναι
659 1594 853 1651 μάλιστα
884 1593 1094 1650 Μορύχου
1122 1593 1325 1650 σάγματι.
1382 1596 1475 1639 BA.
1508 1594 1595 1638 Οὐκ

151 1668 249 1713 ἀλλ’
281 1671 326 1711 ἐν
352 1666 656 1721 Ἐκβατάνοισι
686 1663 814 1707 ταῦτ’
846 1662 1090 1720 ὑφαίνεται.
1160 1666 1235 1706 (ΡΙ
1282 1664 1357 1706 Ἐν
1383 1663 1595 1718 Ἐκβατά-

152 1755 265 1784 νοισι
294 1738 485 1794 γίγνὲται
514 1734 667 1793 κρόκης
691 1734 835 1791 χόλιξς
905 1734 994 1777 BA.
1026 1732 1204 1787 [loffem
1235 1725 1269 1775 ὦ
1296 1731 1455 1788 ’γάθ’;
1485 1733 1595 1776 ἀλλά

150 1811 278 1852 τοῦτο
317 1813 430 1850 τοῖσι
466 1805 703 1861 βαρβάροις
738 1802 1003 1860 “Υφαι’νεται
1040 1804 1220 1853 πολλαῖς
1259 1801 1477 1853 δαπάναις
1503 1805 1593 1848 κτλ.

150 1884 404 1925 Scholiastae
433 1893 531 1919 sane
558 1879 608 1918 ad
638 1879 748 1918 hunc
776 1878 912 1916 locum
942 1889 1022 1915 non
1053 1877 1293 1927 explanant,
1325 1876 1422 1927 quid
1452 1877 1593 1930 Mory-

150 1956 252 1995 chus
293 1953 364 1992 ille
407 1945 692 1990 et'Ecbataua
728 1948 805 1987 sibi
848 1947 997 1995 velint,
1041 1949 1081 1985 at
1123 1946 1336 1988 commode
1374 1945 1593 1986 scholiasta

149 2025 324 2066 Acharn.
362 2034 400 2060 v.
429 2020 481 2058 61
514 2019 634 2058 dicit:
672 2015 886 2070 Πρέσβεις
924 2013 969 2053 δὲ
1008 2004 1131 2053 οὗτοι
1158 2009 1268 2054 εἰσὶν
1309 2012 1352 2053 οἱ
1390 2014 1488 2068 περὶ
1517 2012 1594 2054 τὸν

148 2090 357 2146 Μόρυχον
394 2085 720 2140 ἐμπλησθέντες
756 2081 932 2138 τρυφῆς.
1003 2084 1179 2125 Omnino
1217 2087 1352 2123 autem
1381 2087 1492 2125 totus
1521 2085 1593 2126 ille

148 2159 470 2207 Acharnensium
523 2158 636 2196 locus
675 2155 771 2194 inde
806 2167 829 2194 a
865 2167 902 2194 v·
939 2154 989 2192 61
1030 2165 1160 2204 usque
1202 2153 1253 2191 ad
1289 2166 1327 2192 v·
1364 2154 1481 2203 128,
1521 2155 1593 2206 qui

148 2235 322 2286 scriptus
353 2235 413 2268 est
441 2229 482 2266 in
513 2226 668 2278 legatos
698 2236 841 2263 recens
863 2234 1063 2269 reversos,
1094 2221 1260 2273 egregie
1288 2234 1376 2261 rem
1403 2223 1591 2264 illustrat.

148 2309 203 2348 Et
230 2303 280 2344 ad
311 2299 481 2341 eandem
511 2295 755 2348 legationem
786 2296 944 2344 spectat
972 2296 1093 2343 poeta
1121 2290 1227 2330 infra
1257 2302 1419 2343 quoque
1434 2306 1471 2333 v.
1488 2293 1594 2334 612:

344 2364 398 2408 Τι’
428 2364 503 2404 δαὶ
532 2356 1058 2417 Δράκυλλοςμκεύφορίδης
1085 2359 1161 2399 καὶ
1190 2356 1428 2414 Πρινίδης;

340 2427 451 2476 εἶδέν
481 2447 544 2480 τις
567 2430 687 2484 υμῶν
716 2425 962 2481 τάκβάταν’
996 2424 1023 2478 ἢ
1052 2427 1150 2476 τοὺς
1183 2425 1388 2480 Χαόνας;

148 2515 189 2554 11.
216 2527 253 2554 e.
281 2509 392 2552 Num
420 2505 600 2545 strenuis
630 2508 672 2542 et
694 2502 837 2556 probis
866 2500 1024 2540 civibus
1053 2501 1247 2553 contigit,
1277 2505 1325 2540 ut
1352 2499 1591 2554 legarentur

149 2583 207 2623 ad
233 2582 382 2621 Persas
411 2582 487 2618 aut
515 2576 572 2616 ad
603 2573 816 2615 Chaones?
873 2571 1106 2621 Sequuntur
1134 2569 1262 2609 haec:

336 2643 399 2687 Οὔ
429 2656 587 2700 φασιν·
618 2638 714 2682 ἀλλ’
747 2637 771 2681 ὁ
806 2635 1023 2693 Κοισύρας
1051 2638 1126 2678 καὶ
1151 2633 1373 2690 Λάμαχος,

337 2708 402 2764 οἷς
427 2711 508 2754 ὑπ’
536 2709 690 2767 ἐράνου
718 2725 761 2752 τε
791 2710 865 2751 καὶ
888 2706 1024 2764 χρεῶν
1053 2702 1200 2762 πρώην
1228 2703 1346 2753 ποτέ,
