<?xml version="1.0" encoding="UTF-8"?>
<!DOCTYPE html PUBLIC "-//W3C//DTD XHTML 1.0 Transitional//EN"
    "http://www.w3.org/TR/xhtml1/DTD/xhtml1-transitional.dtd">
<html xmlns="http://www.w3.org/1999/xhtml" xml:lang="en" lang="en">
 <head>
  <title>
</title>
<meta http-equiv="Content-Type" content="text/html;charset=utf-8" />
  <meta name='ocr-system' content='tesseract 3.04.00' />
  <meta name='ocr-capabilities' content='ocr_page ocr_carea ocr_par ocr_line ocrx_word'/>
</head>
<body>
  <div class='ocr_page' id='page_1' title='image "./fragmentacomicor02meinuoft_0226.png"; bbox 0 0 1716 3164; ppageno 0'>
   <div class='ocr_carea' id='block_1_1' title="bbox 462 681 1323 837">
    <p class='ocr_par' dir='ltr' id='par_1_1' title="bbox 462 681 1323 837">
     <span class='ocr_line' id='line_1_1' title="bbox 462 681 1323 740; baseline 0.001 -1"><span class='ocrx_word' id='word_1_1' title='bbox 462 682 520 739; x_wconf 88' lang='lat' dir='ltr'><strong>A</strong></span> <span class='ocrx_word' id='word_1_2' title='bbox 594 681 650 736; x_wconf 78' lang='lat' dir='ltr'>L</span> <span class='ocrx_word' id='word_1_3' title='bbox 728 681 779 738; x_wconf 83' lang='lat' dir='ltr'>C</span> <span class='ocrx_word' id='word_1_4' title='bbox 853 682 909 738; x_wconf 89' lang='lat' dir='ltr'>A</span> <span class='ocrx_word' id='word_1_5' title='bbox 991 681 1045 736; x_wconf 81' lang='grc' dir='ltr'>Ε</span> <span class='ocrx_word' id='word_1_6' title='bbox 1125 681 1179 736; x_wconf 91' lang='lat' dir='ltr'><strong>U</strong></span> <span class='ocrx_word' id='word_1_7' title='bbox 1258 684 1323 740; x_wconf 86' lang='lat' dir='ltr'><strong>S.</strong></span> 
     </span>
     <span class='ocr_line' id='line_1_2' title="bbox 663 783 1115 837; baseline -0.002 -14"><span class='ocrx_word' id='word_1_8' title='bbox 663 783 790 834; x_wconf 71' lang='lat' dir='ltr'><strong>(nist.</strong></span> <span class='ocrx_word' id='word_1_9' title='bbox 822 784 910 825; x_wconf 67' lang='lat' dir='ltr'><strong>crit.</strong></span> <span class='ocrx_word' id='word_1_10' title='bbox 942 797 981 837; x_wconf 77' lang='lat' dir='ltr'><strong>p.</strong></span> <span class='ocrx_word' id='word_1_11' title='bbox 1013 783 1115 831; x_wconf 73' lang='lat'><strong>244)</strong></span> 
     </span>
    </p>
   </div>
   <div class='ocr_carea' id='block_1_2' title="bbox 764 932 1021 940">
    <p class='ocr_par' dir='ltr' id='par_1_2' title="bbox 764 932 1021 940">
     <span class='ocr_line' id='line_1_3' title="bbox 764 932 1021 940; baseline 0 2224"><span class='ocrx_word' id='word_1_12' title='bbox 764 932 1021 940; x_wconf 95' lang='lat' dir='ltr'><strong> </strong></span> 
     </span>
    </p>
   </div>
   <div class='ocr_carea' id='block_1_3' title="bbox 483 1055 1312 1102">
    <p class='ocr_par' dir='ltr' id='par_1_3' title="bbox 483 1055 1312 1102">
     <span class='ocr_line' id='line_1_4' title="bbox 483 1055 1312 1102; baseline 0.004 -5"><span class='ocrx_word' id='word_1_13' title='bbox 483 1055 770 1098; x_wconf 83' lang='grc' dir='ltr'><em>ΛΔΕΛΦΑΙ</em></span> <span class='ocrx_word' id='word_1_14' title='bbox 804 1057 859 1098; x_wconf 88' lang='lat' dir='ltr'><em>M</em></span> <span class='ocrx_word' id='word_1_15' title='bbox 864 1055 927 1098; x_wconf 82' lang='lat'><strong>01</strong></span> <span class='ocrx_word' id='word_1_16' title='bbox 929 1057 1014 1098; x_wconf 88' lang='lat' dir='ltr'><strong>XE</strong></span> <span class='ocrx_word' id='word_1_17' title='bbox 1021 1058 1312 1102; x_wconf 82' lang='grc' dir='ltr'><em>ΥΟΜΕΝΑΙ.</em></span> 
     </span>
    </p>
   </div>
   <div class='ocr_carea' id='block_1_4' title="bbox 388 1179 1467 1243">
    <p class='ocr_par' dir='ltr' id='par_1_4' title="bbox 388 1179 1467 1243">
     <span class='ocr_line' id='line_1_5' title="bbox 388 1179 1467 1243; baseline 0.003 -16"><span class='ocrx_word' id='word_1_18' title='bbox 388 1185 604 1228; x_wconf 74' lang='grc' dir='ltr'><strong><em>Ἡλίθιον</em></strong></span> <span class='ocrx_word' id='word_1_19' title='bbox 631 1179 740 1227; x_wconf 54' lang='lat' dir='ltr'><strong>dvm</strong></span> <span class='ocrx_word' id='word_1_20' title='bbox 771 1188 875 1230; x_wconf 79' lang='grc' dir='ltr'><strong><em>νοῦν</em></strong></span> <span class='ocrx_word' id='word_1_21' title='bbox 904 1204 947 1230; x_wconf 81' lang='grc' dir='ltr'><strong>τε</strong></span> <span class='ocrx_word' id='word_1_22' title='bbox 978 1185 1251 1238; x_wconf 81' lang='grc' dir='ltr'><strong><em>πουλύποδος</em></strong></span> <span class='ocrx_word' id='word_1_23' title='bbox 1280 1186 1400 1243; x_wconf 77' lang='grc' dir='ltr'><em>ἔχειν.</em></span> <span class='ocrx_word' id='word_1_24' title='bbox 1464 1180 1467 1181; x_wconf 34' lang='lat'><em>⁷</em></span> 
     </span>
    </p>
   </div>
   <div class='ocr_carea' id='block_1_5' title="bbox 177 1294 1646 2603">
    <p class='ocr_par' dir='ltr' id='par_1_5' title="bbox 177 1294 1644 2463">
     <span class='ocr_line' id='line_1_6' title="bbox 289 1294 1622 1353; baseline -0.002 -12"><span class='ocrx_word' id='word_1_25' title='bbox 289 1300 526 1341; x_wconf 75' lang='lat' dir='ltr'><strong>Athenaeus</strong></span> <span class='ocrx_word' id='word_1_26' title='bbox 556 1300 632 1341; x_wconf 64' lang='lat' dir='ltr'><strong>vll</strong></span> <span class='ocrx_word' id='word_1_27' title='bbox 671 1314 711 1352; x_wconf 88' lang='lat' dir='ltr'><strong>p.</strong></span> <span class='ocrx_word' id='word_1_28' title='bbox 741 1302 823 1342; x_wconf 81' lang='lat'><strong>316</strong></span> <span class='ocrx_word' id='word_1_29' title='bbox 842 1302 889 1342; x_wconf 88' lang='lat' dir='ltr'><strong>b:</strong></span> <span class='ocrx_word' id='word_1_30' title='bbox 933 1299 983 1341; x_wconf 86' lang='grc' dir='ltr'><strong>τὸ</strong></span> <span class='ocrx_word' id='word_1_31' title='bbox 1022 1300 1068 1341; x_wconf 77' lang='grc' dir='ltr'><strong>δὲ</strong></span> <span class='ocrx_word' id='word_1_32' title='bbox 1105 1296 1310 1341; x_wconf 79' lang='grc' dir='ltr'><em>πώλυπον</em></span> <span class='ocrx_word' id='word_1_33' title='bbox 1348 1298 1484 1353; x_wconf 72' lang='grc' dir='ltr'><strong><em>λέγειν</em></strong></span> <span class='ocrx_word' id='word_1_34' title='bbox 1513 1294 1622 1339; x_wconf 86' lang='grc' dir='ltr'><strong><em>Αἰο-</em></strong></span> 
     </span>
     <span class='ocr_line' id='line_1_7' title="bbox 178 1363 1624 1423; baseline 0 -15"><span class='ocrx_word' id='word_1_35' title='bbox 178 1364 314 1410; x_wconf 82' lang='grc' dir='ltr'><strong><em>λικόν.</em></strong></span> <span class='ocrx_word' id='word_1_36' title='bbox 381 1363 580 1407; x_wconf 82' lang='grc' dir='ltr'><strong><em>Ἀττικοὶ</em></strong></span> <span class='ocrx_word' id='word_1_37' title='bbox 620 1365 701 1421; x_wconf 78' lang='grc' dir='ltr'><strong>γὰρ</strong></span> <span class='ocrx_word' id='word_1_38' title='bbox 745 1366 995 1410; x_wconf 84' lang='grc' dir='ltr'><strong><em>πουλύπουν</em></strong></span> <span class='ocrx_word' id='word_1_39' title='bbox 1038 1368 1248 1423; x_wconf 70' lang='grc' dir='ltr'><strong><em>λέγουσιν.</em></strong></span> <span class='ocrx_word' id='word_1_40' title='bbox 1309 1396 1364 1403; x_wconf 85' lang='grc'><strong>-</strong></span> <span class='ocrx_word' id='word_1_41' title='bbox 1418 1366 1624 1416; x_wconf 81' lang='grc' dir='ltr'><strong><em>Ἀλκαῖος</em></strong></span> 
     </span>
     <span class='ocr_line' id='line_1_8' title="bbox 177 1430 1624 1491; baseline 0.001 -13"><span class='ocrx_word' id='word_1_42' title='bbox 177 1435 415 1491; x_wconf 68' lang='grc' dir='ltr'><strong>Ἀδελφαῖς</strong></span> <span class='ocrx_word' id='word_1_43' title='bbox 460 1437 785 1490; x_wconf 79' lang='grc' dir='ltr'><strong><em>μοιχευομέναις</em></strong></span> <span class='ocrx_word' id='word_1_44' title='bbox 827 1435 1047 1480; x_wconf 78' lang='grc' dir='ltr'><strong><em>Ἠλίθιον</em></strong></span> <span class='ocrx_word' id='word_1_45' title='bbox 1082 1430 1194 1479; x_wconf 80' lang='grc' dir='ltr'><em>εἶναι</em></span> <span class='ocrx_word' id='word_1_46' title='bbox 1231 1438 1319 1480; x_wconf 82' lang='grc' dir='ltr'><strong><em>κτλ.</em></strong></span> <span class='ocrx_word' id='word_1_47' title='bbox 1386 1439 1624 1479; x_wconf 85' lang='lat' dir='ltr'><strong>Eustathius</strong></span> 
     </span>
     <span class='ocr_line' id='line_1_9' title="bbox 181 1499 1627 1564; baseline -0.001 -16"><span class='ocrx_word' id='word_1_48' title='bbox 181 1510 232 1548; x_wconf 80' lang='lat' dir='ltr'><strong>ad</strong></span> <span class='ocrx_word' id='word_1_49' title='bbox 265 1509 409 1559; x_wconf 80' lang='lat' dir='ltr'><strong>odyss.</strong></span> <span class='ocrx_word' id='word_1_50' title='bbox 440 1522 477 1560; x_wconf 89' lang='lat' dir='ltr'><strong>p.</strong></span> <span class='ocrx_word' id='word_1_51' title='bbox 503 1507 615 1548; x_wconf 72' lang='lat'>1541</span> <span class='ocrx_word' id='word_1_52' title='bbox 647 1509 725 1548; x_wconf 81' lang='lat'><strong>39:</strong></span> <span class='ocrx_word' id='word_1_53' title='bbox 762 1501 875 1549; x_wconf 74' lang='grc' dir='ltr'><strong>ὅθεν</strong></span> <span class='ocrx_word' id='word_1_54' title='bbox 902 1508 1070 1564; x_wconf 78' lang='grc' dir='ltr'><em>εἴρηται</em></span> <span class='ocrx_word' id='word_1_55' title='bbox 1096 1505 1145 1549; x_wconf 84' lang='grc' dir='ltr'><strong>τὸ</strong></span> <span class='ocrx_word' id='word_1_56' title='bbox 1175 1499 1288 1548; x_wconf 71' lang='grc' dir='ltr'><strong><em>εἷναί</em></strong></span> <span class='ocrx_word' id='word_1_57' title='bbox 1316 1520 1415 1546; x_wconf 84' lang='grc' dir='ltr'><strong><em>τινα</em></strong></span> <span class='ocrx_word' id='word_1_58' title='bbox 1443 1503 1627 1556; x_wconf 76' lang='grc' dir='ltr'><strong><em>ἠλίθιον</em></strong></span> 
     </span>
     <span class='ocr_line' id='line_1_10' title="bbox 182 1570 1627 1631; baseline 0 -13"><span class='ocrx_word' id='word_1_59' title='bbox 182 1575 287 1618; x_wconf 81' lang='grc' dir='ltr'><strong><em>νοῦν</em></strong></span> <span class='ocrx_word' id='word_1_60' title='bbox 326 1588 368 1614; x_wconf 81' lang='grc' dir='ltr'><strong>τε</strong></span> <span class='ocrx_word' id='word_1_61' title='bbox 409 1570 654 1623; x_wconf 77' lang='grc' dir='ltr'><strong><em>πολύποδος</em></strong></span> <span class='ocrx_word' id='word_1_62' title='bbox 693 1574 859 1631; x_wconf 79' lang='grc' dir='ltr'><strong><em>ἔχοντα.</em></strong></span> <span class='ocrx_word' id='word_1_63' title='bbox 921 1581 1003 1620; x_wconf 89' lang='lat' dir='ltr'><strong>Pro</strong></span> <span class='ocrx_word' id='word_1_64' title='bbox 1041 1576 1223 1629; x_wconf 73' lang='grc' dir='ltr'><strong><em>ἠλίθιον</em></strong></span> <span class='ocrx_word' id='word_1_65' title='bbox 1261 1592 1309 1619; x_wconf 84' lang='lat' dir='ltr'><strong>ex</strong></span> <span class='ocrx_word' id='word_1_66' title='bbox 1347 1579 1379 1617; x_wconf 87' lang='lat' dir='ltr'><strong>B</strong></span> <span class='ocrx_word' id='word_1_67' title='bbox 1420 1582 1627 1618; x_wconf 77' lang='lat' dir='ltr'><strong>enotatum</strong></span> 
     </span>
     <span class='ocr_line' id='line_1_11' title="bbox 182 1640 1628 1703; baseline -0.001 -14"><span class='ocrx_word' id='word_1_68' title='bbox 182 1642 209 1696; x_wconf 81' lang='grc' dir='ltr'>ἠ</span> <span class='ocrx_word' id='word_1_69' title='bbox 240 1644 386 1684; x_wconf 76' lang='grc' dir='ltr'><strong><em>λϊθον.</em></strong></span> <span class='ocrx_word' id='word_1_70' title='bbox 440 1640 716 1698; x_wconf 80' lang='grc' dir='ltr'><strong><em>Πολύποδος,</em></strong></span> <span class='ocrx_word' id='word_1_71' title='bbox 747 1650 855 1702; x_wconf 89' lang='lat' dir='ltr'><strong>qnod</strong></span> <span class='ocrx_word' id='word_1_72' title='bbox 886 1651 1007 1703; x_wconf 82' lang='lat' dir='ltr'><strong>vulgo</strong></span> <span class='ocrx_word' id='word_1_73' title='bbox 1036 1650 1200 1702; x_wconf 81' lang='lat' dir='ltr'><strong>legitur,</strong></span> <span class='ocrx_word' id='word_1_74' title='bbox 1230 1642 1503 1693; x_wconf 83' lang='grc' dir='ltr'><strong><em>πουλύποδος</em></strong></span> <span class='ocrx_word' id='word_1_75' title='bbox 1531 1649 1628 1687; x_wconf 79' lang='lat' dir='ltr'><strong>seri·</strong></span> 
     </span>
     <span class='ocr_line' id='line_1_12' title="bbox 184 1716 1633 1772; baseline -0.001 -16"><span class='ocrx_word' id='word_1_76' title='bbox 184 1716 363 1756; x_wconf 83' lang='lat' dir='ltr'><strong>bendum</strong></span> <span class='ocrx_word' id='word_1_77' title='bbox 403 1727 494 1755; x_wconf 84' lang='lat' dir='ltr'><strong>esse</strong></span> <span class='ocrx_word' id='word_1_78' title='bbox 532 1716 721 1758; x_wconf 86' lang='lat' dir='ltr'><strong>viderunt</strong></span> <span class='ocrx_word' id='word_1_79' title='bbox 760 1719 946 1772; x_wconf 86' lang='lat' dir='ltr'><strong>Toupius</strong></span> <span class='ocrx_word' id='word_1_80' title='bbox 987 1720 1159 1759; x_wconf 79' lang='lat' dir='ltr'><strong>Emend.</strong></span> <span class='ocrx_word' id='word_1_81' title='bbox 1202 1719 1282 1758; x_wconf 86' lang='lat' dir='ltr'><strong>vol.</strong></span> <span class='ocrx_word' id='word_1_82' title='bbox 1322 1717 1382 1757; x_wconf 91' lang='lat'><strong>111</strong></span> <span class='ocrx_word' id='word_1_83' title='bbox 1421 1730 1462 1768; x_wconf 86' lang='lat' dir='ltr'><strong>p.</strong></span> <span class='ocrx_word' id='word_1_84' title='bbox 1494 1717 1547 1755; x_wconf 88' lang='grc'><strong>15</strong></span> <span class='ocrx_word' id='word_1_85' title='bbox 1590 1722 1633 1756; x_wconf 88' lang='lat' dir='ltr'><strong>et</strong></span> 
     </span>
     <span class='ocr_line' id='line_1_13' title="bbox 187 1785 1633 1839; baseline 0.001 -14"><span class='ocrx_word' id='word_1_86' title='bbox 187 1785 353 1825; x_wconf 87' lang='lat' dir='ltr'><strong>Grotius</strong></span> <span class='ocrx_word' id='word_1_87' title='bbox 394 1785 607 1837; x_wconf 83' lang='lat' dir='ltr'><strong>Excerptis</strong></span> <span class='ocrx_word' id='word_1_88' title='bbox 648 1800 688 1839; x_wconf 87' lang='lat' dir='ltr'><strong>p.</strong></span> <span class='ocrx_word' id='word_1_89' title='bbox 719 1789 816 1829; x_wconf 82' lang='lat'><strong>439.</strong></span> <span class='ocrx_word' id='word_1_90' title='bbox 886 1788 1263 1829; x_wconf 34' lang='lat' dir='ltr'><strong>Confirmant‘AB.</strong></span> <span class='ocrx_word' id='word_1_91' title='bbox 1327 1786 1536 1826; x_wconf 87' lang='lat' dir='ltr'><strong>Seidlerus</strong></span> <span class='ocrx_word' id='word_1_92' title='bbox 1581 1786 1633 1826; x_wconf 86' lang='lat' dir='ltr'><strong>de</strong></span> 
     </span>
     <span class='ocr_line' id='line_1_14' title="bbox 187 1853 1634 1909; baseline 0.001 -15"><span class='ocrx_word' id='word_1_93' title='bbox 187 1854 307 1894; x_wconf 87' lang='lat' dir='ltr'><strong>Vers.</strong></span> <span class='ocrx_word' id='word_1_94' title='bbox 339 1853 499 1893; x_wconf 80' lang='lat' dir='ltr'><strong>dochm.</strong></span> <span class='ocrx_word' id='word_1_95' title='bbox 530 1867 569 1905; x_wconf 90' lang='lat' dir='ltr'><strong>p.</strong></span> <span class='ocrx_word' id='word_1_96' title='bbox 595 1856 677 1895; x_wconf 79' lang='lat'><strong>397</strong></span> <span class='ocrx_word' id='word_1_97' title='bbox 707 1858 912 1898; x_wconf 80' lang='lat' dir='ltr'>tribracho</span> <span class='ocrx_word' id='word_1_98' title='bbox 942 1859 983 1898; x_wconf 90' lang='lat' dir='ltr'><strong>in</strong></span> <span class='ocrx_word' id='word_1_99' title='bbox 1014 1859 1152 1909; x_wconf 76' lang='lat' dir='ltr'><strong>quinta</strong></span> <span class='ocrx_word' id='word_1_100' title='bbox 1181 1855 1330 1896; x_wconf 77' lang='lat' dir='ltr'><strong>senarii</strong></span> <span class='ocrx_word' id='word_1_101' title='bbox 1359 1859 1475 1907; x_wconf 83' lang='lat' dir='ltr'><strong>parte</strong></span> <span class='ocrx_word' id='word_1_102' title='bbox 1504 1856 1634 1896; x_wconf 83' lang='lat' dir='ltr'><strong>offen-</strong></span> 
     </span>
     <span class='ocr_line' id='line_1_15' title="bbox 190 1919 1635 1978; baseline 0.001 -17"><span class='ocrx_word' id='word_1_103' title='bbox 190 1934 259 1962; x_wconf 82' lang='lat' dir='ltr'><strong>sus</strong></span> <span class='ocrx_word' id='word_1_104' title='bbox 300 1926 453 1964; x_wconf 82' lang='lat' dir='ltr'><strong>mutato</strong></span> <span class='ocrx_word' id='word_1_105' title='bbox 502 1924 719 1966; x_wconf 87' lang='lat' dir='ltr'><strong>verborum</strong></span> <span class='ocrx_word' id='word_1_106' title='bbox 770 1928 913 1967; x_wconf 85' lang='lat' dir='ltr'><strong>ordine</strong></span> <span class='ocrx_word' id='word_1_107' title='bbox 955 1927 1117 1978; x_wconf 81' lang='lat' dir='ltr'><strong>scripsit</strong></span> <span class='ocrx_word' id='word_1_108' title='bbox 1160 1919 1407 1970; x_wconf 82' lang='grc' dir='ltr'><strong><em>πολύποὸός</em></strong></span> <span class='ocrx_word' id='word_1_109' title='bbox 1446 1935 1491 1962; x_wconf 79' lang='grc' dir='ltr'><strong>τε</strong></span> <span class='ocrx_word' id='word_1_110' title='bbox 1531 1922 1635 1963; x_wconf 84' lang='grc' dir='ltr'><strong><em>νοῦν</em></strong></span> 
     </span>
     <span class='ocr_line' id='line_1_16' title="bbox 190 1986 1636 2044; baseline 0.003 -15"><span class='ocrx_word' id='word_1_111' title='bbox 190 1986 310 2042; x_wconf 79' lang='grc' dir='ltr'><strong><em>ἔχειν.</em></strong></span> <span class='ocrx_word' id='word_1_112' title='bbox 370 1991 446 2031; x_wconf 90' lang='lat' dir='ltr'><strong>Vel</strong></span> <span class='ocrx_word' id='word_1_113' title='bbox 476 1991 535 2030; x_wconf 84' lang='lat' dir='ltr'><strong>sie</strong></span> <span class='ocrx_word' id='word_1_114' title='bbox 564 1993 738 2037; x_wconf 82' lang='lat' dir='ltr'><strong>debebat</strong></span> <span class='ocrx_word' id='word_1_115' title='bbox 766 1991 1051 2044; x_wconf 78' lang='grc' dir='ltr'><strong><em>πουλύποδος,</em></strong></span> <span class='ocrx_word' id='word_1_116' title='bbox 1084 1994 1285 2035; x_wconf 73' lang='lat' dir='ltr'><strong>Athenaei</strong></span> <span class='ocrx_word' id='word_1_117' title='bbox 1321 2006 1491 2042; x_wconf 88' lang='lat' dir='ltr'><strong>memor,</strong></span> <span class='ocrx_word' id='word_1_118' title='bbox 1529 1995 1636 2034; x_wconf 79' lang='lat' dir='ltr'><strong>Aui-</strong></span> 
     </span>
     <span class='ocr_line' id='line_1_17' title="bbox 193 2053 1637 2112; baseline 0.001 -11"><span class='ocrx_word' id='word_1_119' title='bbox 193 2073 263 2100; x_wconf 87' lang='lat' dir='ltr'><strong>cos</strong></span> <span class='ocrx_word' id='word_1_120' title='bbox 299 2053 546 2106; x_wconf 76' lang='grc' dir='ltr'><strong><em>πουλύπους</em></strong></span> <span class='ocrx_word' id='word_1_121' title='bbox 589 2075 670 2103; x_wconf 89' lang='lat' dir='ltr'><strong>non</strong></span> <span class='ocrx_word' id='word_1_122' title='bbox 710 2062 931 2112; x_wconf 81' lang='grc' dir='ltr'><strong><em>πολύπους</em></strong></span> <span class='ocrx_word' id='word_1_123' title='bbox 974 2065 1125 2106; x_wconf 83' lang='lat' dir='ltr'><strong>dixisse</strong></span> <span class='ocrx_word' id='word_1_124' title='bbox 1168 2063 1378 2102; x_wconf 85' lang='lat' dir='ltr'><strong>verissime</strong></span> <span class='ocrx_word' id='word_1_125' title='bbox 1424 2063 1637 2104; x_wconf 83' lang='lat' dir='ltr'><strong>monentis.</strong></span> 
     </span>
     <span class='ocr_line' id='line_1_18' title="bbox 195 2129 1639 2174; baseline 0.001 -6"><span class='ocrx_word' id='word_1_126' title='bbox 195 2129 282 2168; x_wconf 88' lang='lat' dir='ltr'><strong>Pro</strong></span> <span class='ocrx_word' id='word_1_127' title='bbox 306 2140 351 2168; x_wconf 82' lang='grc' dir='ltr'><strong>τε</strong></span> <span class='ocrx_word' id='word_1_128' title='bbox 381 2129 546 2169; x_wconf 84' lang='lat' dir='ltr'><strong>Grotius</strong></span> <span class='ocrx_word' id='word_1_129' title='bbox 578 2133 760 2173; x_wconf 85' lang='lat' dir='ltr'><strong>exhibuit</strong></span> <span class='ocrx_word' id='word_1_130' title='bbox 790 2131 835 2172; x_wconf 79' lang='grc' dir='ltr'><strong>δὲ</strong></span> <span class='ocrx_word' id='word_1_131' title='bbox 865 2137 942 2174; x_wconf 85' lang='lat' dir='ltr'><strong>hoc</strong></span> <span class='ocrx_word' id='word_1_132' title='bbox 971 2146 1120 2174; x_wconf 88' lang='lat' dir='ltr'><strong>sensu:</strong></span> <span class='ocrx_word' id='word_1_133' title='bbox 1150 2132 1323 2173; x_wconf 79' lang='lat' dir='ltr'><strong>stultum</strong></span> <span class='ocrx_word' id='word_1_134' title='bbox 1360 2144 1449 2171; x_wconf 82' lang='lat' dir='ltr'><strong>esse</strong></span> <span class='ocrx_word' id='word_1_135' title='bbox 1476 2134 1550 2171; x_wconf 78' lang='lat' dir='ltr'><strong>sed</strong></span> <span class='ocrx_word' id='word_1_136' title='bbox 1577 2133 1639 2171; x_wconf 83' lang='lat' dir='ltr'><strong>sic</strong></span> 
     </span>
     <span class='ocr_line' id='line_1_19' title="bbox 194 2199 1639 2255; baseline 0 -16"><span class='ocrx_word' id='word_1_137' title='bbox 194 2211 309 2249; x_wconf 80' lang='lat' dir='ltr'><strong>mens</strong></span> <span class='ocrx_word' id='word_1_138' title='bbox 338 2203 386 2237; x_wconf 83' lang='lat' dir='ltr'><strong>ut</strong></span> <span class='ocrx_word' id='word_1_139' title='bbox 415 2199 528 2238; x_wconf 81' lang='lat' dir='ltr'><strong>adsit</strong></span> <span class='ocrx_word' id='word_1_140' title='bbox 550 2202 707 2255; x_wconf 75' lang='lat' dir='ltr'><strong>polypi.</strong></span> <span class='ocrx_word' id='word_1_141' title='bbox 739 2205 926 2244; x_wconf 80' lang='lat' dir='ltr'><strong>Obvertit</strong></span> <span class='ocrx_word' id='word_1_142' title='bbox 954 2203 1381 2255; x_wconf 64' lang='lat' dir='ltr'><strong>Schxveigliaeuseru8‚</strong></span> <span class='ocrx_word' id='word_1_143' title='bbox 1412 2201 1521 2252; x_wconf 88' lang='lat' dir='ltr'><strong>quod</strong></span> <span class='ocrx_word' id='word_1_144' title='bbox 1550 2204 1639 2240; x_wconf 81' lang='lat' dir='ltr'><strong>astu</strong></span> 
     </span>
     <span class='ocr_line' id='line_1_20' title="bbox 196 2265 1643 2322; baseline 0.002 -17"><span class='ocrx_word' id='word_1_145' title='bbox 196 2265 334 2306; x_wconf 83' lang='lat' dir='ltr'><strong>facere</strong></span> <span class='ocrx_word' id='word_1_146' title='bbox 364 2267 557 2320; x_wconf 80' lang='lat' dir='ltr'><strong>polypum</strong></span> <span class='ocrx_word' id='word_1_147' title='bbox 588 2271 654 2309; x_wconf 81' lang='lat' dir='ltr'><strong>alii</strong></span> <span class='ocrx_word' id='word_1_148' title='bbox 685 2272 838 2322; x_wconf 84' lang='lat' dir='ltr'><strong>dicant,</strong></span> <span class='ocrx_word' id='word_1_149' title='bbox 874 2278 920 2312; x_wconf 89' lang='lat' dir='ltr'><strong>ut</strong></span> <span class='ocrx_word' id='word_1_150' title='bbox 951 2276 1222 2312; x_wconf 78' lang='lat' dir='ltr'><strong>atramentum</strong></span> <span class='ocrx_word' id='word_1_151' title='bbox 1253 2270 1427 2318; x_wconf 76' lang='lat' dir='ltr'><strong>emittat,</strong></span> <span class='ocrx_word' id='word_1_152' title='bbox 1464 2270 1506 2309; x_wconf 89' lang='lat' dir='ltr'><strong>id</strong></span> <span class='ocrx_word' id='word_1_153' title='bbox 1542 2282 1643 2309; x_wconf 83' lang='lat' dir='ltr'><strong>non-</strong></span> 
     </span>
     <span class='ocr_line' id='line_1_21' title="bbox 198 2336 1644 2392; baseline 0.003 -18"><span class='ocrx_word' id='word_1_154' title='bbox 198 2336 275 2375; x_wconf 84' lang='lat' dir='ltr'><strong>nisi</strong></span> <span class='ocrx_word' id='word_1_155' title='bbox 307 2341 415 2375; x_wconf 90' lang='lat' dir='ltr'><strong>metu</strong></span> <span class='ocrx_word' id='word_1_156' title='bbox 445 2342 628 2379; x_wconf 76' lang='lat' dir='ltr'><strong>coactum</strong></span> <span class='ocrx_word' id='word_1_157' title='bbox 659 2340 810 2392; x_wconf 82' lang='lat' dir='ltr'><strong>facere,</strong></span> <span class='ocrx_word' id='word_1_158' title='bbox 843 2346 949 2382; x_wconf 87' lang='lat' dir='ltr'><strong>teste</strong></span> <span class='ocrx_word' id='word_1_159' title='bbox 978 2341 1211 2388; x_wconf 81' lang='lat' dir='ltr'><strong>Aristotele,</strong></span> <span class='ocrx_word' id='word_1_160' title='bbox 1241 2344 1422 2379; x_wconf 83' lang='lat' dir='ltr'><strong>ceterum</strong></span> <span class='ocrx_word' id='word_1_161' title='bbox 1453 2339 1644 2379; x_wconf 81' lang='lat' dir='ltr'><strong>stoiidum</strong></span> 
     </span>
     <span class='ocr_line' id='line_1_22' title="bbox 202 2405 1644 2463; baseline 0.001 -19"><span class='ocrx_word' id='word_1_162' title='bbox 202 2405 348 2444; x_wconf 79' lang='lat' dir='ltr'><strong>animal</strong></span> <span class='ocrx_word' id='word_1_163' title='bbox 382 2418 472 2444; x_wconf 88' lang='lat' dir='ltr'><strong>esse</strong></span> <span class='ocrx_word' id='word_1_164' title='bbox 503 2408 686 2457; x_wconf 82' lang='lat' dir='ltr'><strong>dicente,</strong></span> <span class='ocrx_word' id='word_1_165' title='bbox 718 2416 764 2463; x_wconf 76' lang='lat' dir='ltr'><strong>ut</strong></span> <span class='ocrx_word' id='word_1_166' title='bbox 793 2412 861 2463; x_wconf 88' lang='lat' dir='ltr'><strong>qui</strong></span> <span class='ocrx_word' id='word_1_167' title='bbox 891 2412 998 2451; x_wconf 88' lang='lat' dir='ltr'><strong>ultro</strong></span> <span class='ocrx_word' id='word_1_168' title='bbox 1030 2411 1079 2449; x_wconf 81' lang='lat' dir='ltr'><strong>ad</strong></span> <span class='ocrx_word' id='word_1_169' title='bbox 1111 2421 1272 2449; x_wconf 82' lang='lat' dir='ltr'><strong>manum</strong></span> <span class='ocrx_word' id='word_1_170' title='bbox 1303 2408 1500 2459; x_wconf 77' lang='lat' dir='ltr'><strong>captantis</strong></span> <span class='ocrx_word' id='word_1_171' title='bbox 1529 2420 1644 2447; x_wconf 79' lang='lat' dir='ltr'><strong>acee-</strong></span> 
     </span>
    </p>

    <p class='ocr_par' dir='ltr' id='par_1_6' title="bbox 206 2473 1646 2603">
     <span class='ocr_line' id='line_1_23' title="bbox 226 2473 1644 2528; baseline -0.006 -6"><span class='ocrx_word' id='word_1_172' title='bbox 226 2473 418 2523; x_wconf 62' lang='lat' dir='ltr'><strong>da‘³‘1110d</strong></span> <span class='ocrx_word' id='word_1_173' title='bbox 447 2475 579 2526; x_wconf 82' lang='lat' dir='ltr'><strong>ipsum</strong></span> <span class='ocrx_word' id='word_1_174' title='bbox 610 2490 930 2519; x_wconf 83' lang='lat' dir='ltr'><strong>commemorare</strong></span> <span class='ocrx_word' id='word_1_175' title='bbox 959 2479 1215 2520; x_wconf 84' lang='lat' dir='ltr'><strong>Athenaeum</strong></span> <span class='ocrx_word' id='word_1_176' title='bbox 1244 2490 1283 2528; x_wconf 89' lang='lat' dir='ltr'><strong>p.</strong></span> <span class='ocrx_word' id='word_1_177' title='bbox 1313 2477 1393 2515; x_wconf 80' lang='lat'><strong>317</strong></span> <span class='ocrx_word' id='word_1_178' title='bbox 1413 2477 1450 2515; x_wconf 89' lang='lat' dir='ltr'><strong>b.</strong></span> <span class='ocrx_word' id='word_1_179' title='bbox 1482 2477 1521 2526; x_wconf 86' lang='grc'><strong>*)</strong></span> <span class='ocrx_word' id='word_1_180' title='bbox 1562 2476 1644 2515; x_wconf 80' lang='lat' dir='ltr'><strong>Ob-</strong></span> 
     </span>
     <span class='ocr_line' id='line_1_24' title="bbox 206 2542 1646 2603; baseline 0.001 -22"><span class='ocrx_word' id='word_1_181' title='bbox 206 2545 286 2581; x_wconf 69' lang='lat' dir='ltr'><strong>stat</strong></span> <span class='ocrx_word' id='word_1_182' title='bbox 315 2542 410 2582; x_wconf 90' lang='lat' dir='ltr'><strong>huic</strong></span> <span class='ocrx_word' id='word_1_183' title='bbox 438 2543 786 2598; x_wconf 82' lang='lat' dir='ltr'><strong>interpretationi,</strong></span> <span class='ocrx_word' id='word_1_184' title='bbox 828 2549 936 2603; x_wconf 86' lang='lat' dir='ltr'><strong>quod</strong></span> <span class='ocrx_word' id='word_1_185' title='bbox 975 2560 1054 2589; x_wconf 89' lang='lat' dir='ltr'><strong>non</strong></span> <span class='ocrx_word' id='word_1_186' title='bbox 1092 2546 1262 2587; x_wconf 83' lang='lat' dir='ltr'><strong>stultitia</strong></span> <span class='ocrx_word' id='word_1_187' title='bbox 1291 2545 1430 2599; x_wconf 79' lang='lat' dir='ltr'><strong>polypi</strong></span> <span class='ocrx_word' id='word_1_188' title='bbox 1459 2544 1531 2584; x_wconf 88' lang='lat' dir='ltr'><strong>sed</strong></span> <span class='ocrx_word' id='word_1_189' title='bbox 1561 2544 1646 2583; x_wconf 84' lang='lat' dir='ltr'><strong>eius</strong></span> 
     </span>
    </p>
   </div>
   <div class='ocr_carea' id='block_1_6' title="bbox 209 2634 468 2643">
    <p class='ocr_par' dir='ltr' id='par_1_7' title="bbox 209 2634 468 2643">
     <span class='ocr_line' id='line_1_25' title="bbox 209 2634 468 2643; baseline 0 521"><span class='ocrx_word' id='word_1_190' title='bbox 209 2634 468 2643; x_wconf 95' lang='lat' dir='ltr'><strong> </strong></span> 
     </span>
    </p>
   </div>
   <div class='ocr_carea' id='block_1_7' title="bbox 278 2685 1647 2736">
    <p class='ocr_par' dir='ltr' id='par_1_8' title="bbox 278 2685 1647 2736">
     <span class='ocr_line' id='line_1_26' title="bbox 278 2685 1647 2736; baseline 0.003 -18"><span class='ocrx_word' id='word_1_191' title='bbox 278 2686 307 2726; x_wconf 83' lang='lat'><strong>’·)</strong></span> <span class='ocrx_word' id='word_1_192' title='bbox 332 2685 522 2722; x_wconf 68' lang='lat' dir='ltr'><strong>Aristoteiis</strong></span> <span class='ocrx_word' id='word_1_193' title='bbox 545 2687 656 2723; x_wconf 85' lang='lat' dir='ltr'><strong>locum</strong></span> <span class='ocrx_word' id='word_1_194' title='bbox 681 2689 823 2736; x_wconf 85' lang='lat' dir='ltr'><strong>respicit</strong></span> <span class='ocrx_word' id='word_1_195' title='bbox 847 2689 994 2725; x_wconf 72' lang='lat' dir='ltr'><strong>Michael</strong></span> <span class='ocrx_word' id='word_1_196' title='bbox 1019 2690 1144 2734; x_wconf 77' lang='lat' dir='ltr'><strong>Glycas</strong></span> <span class='ocrx_word' id='word_1_197' title='bbox 1167 2690 1290 2727; x_wconf 80' lang='lat' dir='ltr'><strong>Annai.</strong></span> <span class='ocrx_word' id='word_1_198' title='bbox 1314 2690 1328 2722; x_wconf 91' lang='lat'>1</span> <span class='ocrx_word' id='word_1_199' title='bbox 1354 2700 1387 2735; x_wconf 85' lang='lat' dir='ltr'><strong>p.</strong></span> <span class='ocrx_word' id='word_1_200' title='bbox 1404 2689 1448 2724; x_wconf 85' lang='lat'><strong>72</strong></span> <span class='ocrx_word' id='word_1_201' title='bbox 1475 2688 1647 2723; x_wconf 79' lang='lat' dir='ltr'><strong>ed.Bekk.</strong></span> 
     </span>
    </p>
   </div>
  </div>
 </body>
</html>
