<?xml version="1.0" encoding="UTF-8"?>
<!DOCTYPE html PUBLIC "-//W3C//DTD XHTML 1.0 Transitional//EN"
    "http://www.w3.org/TR/xhtml1/DTD/xhtml1-transitional.dtd">
<html xmlns="http://www.w3.org/1999/xhtml" xml:lang="en" lang="en">
 <head>
  <title>
</title>
<meta http-equiv="Content-Type" content="text/html;charset=utf-8" />
  <meta name='ocr-system' content='tesseract 3.04.00' />
  <meta name='ocr-capabilities' content='ocr_page ocr_carea ocr_par ocr_line ocrx_word'/>
</head>
<body>
  <div class='ocr_page' id='page_1' title='image "./fragmentacomicor02meinuoft_0618.png"; bbox 0 0 1716 3164; ppageno 0'>
   <div class='ocr_carea' id='block_1_1' title="bbox 210 159 1147 217">
    <p class='ocr_par' dir='ltr' id='par_1_1' title="bbox 210 159 1147 217">
     <span class='ocr_line' id='line_1_1' title="bbox 210 159 1147 217; baseline -0.005 -9"><span class='ocrx_word' id='word_1_1' title='bbox 210 167 318 217; x_wconf 64' lang='lat'><em>1226</em></span> <span class='ocrx_word' id='word_1_2' title='bbox 671 198 674 200; x_wconf 94' lang='lat'>.</span> <span class='ocrx_word' id='word_1_3' title='bbox 713 159 1147 213; x_wconf 49' lang='lat' dir='ltr'><em>Afflsfformms»</em></span> 
     </span>
    </p>
   </div>
   <div class='ocr_carea' id='block_1_2' title="bbox 195 267 1669 1402">
    <p class='ocr_par' dir='ltr' id='par_1_2' title="bbox 210 267 1661 463">
     <span class='ocr_line' id='line_1_2' title="bbox 216 267 1659 324; baseline -0.001 -8"><span class='ocrx_word' id='word_1_4' title='bbox 216 274 345 318; x_wconf 83' lang='grc' dir='ltr'><em>ἀσκοὶ</em></span> <span class='ocrx_word' id='word_1_5' title='bbox 378 269 407 323; x_wconf 81' lang='grc' dir='ltr'><em>ἢ</em></span> <span class='ocrx_word' id='word_1_6' title='bbox 447 267 711 324; x_wconf 77' lang='grc' dir='ltr'><em>δεσαύχενες.</em></span> <span class='ocrx_word' id='word_1_7' title='bbox 770 271 951 312; x_wconf 82' lang='lat' dir='ltr'><strong>Tertium</strong></span> <span class='ocrx_word' id='word_1_8' title='bbox 988 272 1163 324; x_wconf 84' lang='lat' dir='ltr'><strong>denique</strong></span> <span class='ocrx_word' id='word_1_9' title='bbox 1201 272 1434 314; x_wconf 79' lang='lat' dir='ltr'><strong>varietatem</strong></span> <span class='ocrx_word' id='word_1_10' title='bbox 1473 274 1659 314; x_wconf 75' lang='lat' dir='ltr'><strong>lectionis</strong></span> 
     </span>
     <span class='ocr_line' id='line_1_3' title="bbox 211 335 1661 397; baseline -0.009 -10"><span class='ocrx_word' id='word_1_11' title='bbox 211 347 356 387; x_wconf 84' lang='lat' dir='ltr'><strong>Pollux</strong></span> <span class='ocrx_word' id='word_1_12' title='bbox 386 344 506 384; x_wconf 80' lang='lat' dir='ltr'>affert</span> <span class='ocrx_word' id='word_1_13' title='bbox 537 343 574 382; x_wconf 87' lang='lat'><em>11</em></span> <span class='ocrx_word' id='word_1_14' title='bbox 607 342 709 389; x_wconf 84' lang='lat'>155:</span> <span class='ocrx_word' id='word_1_15' title='bbox 747 335 1029 393; x_wconf 83' lang='grc' dir='ltr'><em>Βυσαὺχενας</em></span> <span class='ocrx_word' id='word_1_16' title='bbox 1068 338 1164 388; x_wconf 83' lang='grc' dir='ltr'><em>τοὺς</em></span> <span class='ocrx_word' id='word_1_17' title='bbox 1194 335 1352 389; x_wconf 83' lang='grc' dir='ltr'><em>ἀσκοὺς</em></span> <span class='ocrx_word' id='word_1_18' title='bbox 1385 336 1661 397; x_wconf 66' lang='grc' dir='ltr'><em>Ἀριστοφά-</em></span> 
     </span>
     <span class='ocr_line' id='line_1_4' title="bbox 210 410 521 463; baseline -0.006 -9"><span class='ocrx_word' id='word_1_19' title='bbox 210 426 286 463; x_wconf 88' lang='grc' dir='ltr'><em>νης</em></span> <span class='ocrx_word' id='word_1_20' title='bbox 313 410 521 461; x_wconf 76' lang='grc' dir='ltr'><strong><em>κέκληκεν.</em></strong></span> 
     </span>
    </p>

    <p class='ocr_par' dir='ltr' id='par_1_3' title="bbox 851 464 1030 506">
     <span class='ocr_line' id='line_1_5' title="bbox 851 464 1030 506; baseline 0 -2"><span class='ocrx_word' id='word_1_21' title='bbox 851 464 1030 506; x_wconf 84' lang='lat' dir='ltr'>CCXIV.</span> 
     </span>
    </p>

    <p class='ocr_par' dir='ltr' id='par_1_4' title="bbox 210 540 1669 744">
     <span class='ocr_line' id='line_1_6' title="bbox 320 540 1663 600; baseline -0.008 -9"><span class='ocrx_word' id='word_1_22' title='bbox 320 551 467 591; x_wconf 86' lang='lat' dir='ltr'><strong>Pollux</strong></span> <span class='ocrx_word' id='word_1_23' title='bbox 497 548 554 587; x_wconf 89' lang='lat' dir='ltr'><em>IX</em></span> <span class='ocrx_word' id='word_1_24' title='bbox 585 547 663 587; x_wconf 82' lang='lat'><em>25:</em></span> <span class='ocrx_word' id='word_1_25' title='bbox 698 541 754 586; x_wconf 83' lang='lat'><em>‘0</em></span> <span class='ocrx_word' id='word_1_26' title='bbox 783 548 862 599; x_wconf 76' lang='grc' dir='ltr'><em>μὲν</em></span> <span class='ocrx_word' id='word_1_27' title='bbox 898 543 1085 600; x_wconf 78' lang='grc' dir='ltr'><em>μεγάλης</em></span> <span class='ocrx_word' id='word_1_28' title='bbox 1126 540 1288 593; x_wconf 85' lang='grc' dir='ltr'><em>πόλεως</em></span> <span class='ocrx_word' id='word_1_29' title='bbox 1322 545 1499 596; x_wconf 82' lang='grc' dir='ltr'><em>πολίτης</em></span> <span class='ocrx_word' id='word_1_30' title='bbox 1526 560 1663 600; x_wconf 79' lang='grc' dir='ltr'><em>μεγα-</em></span> 
     </span>
     <span class='ocr_line' id='line_1_7' title="bbox 210 609 1669 669; baseline -0.003 -9"><span class='ocrx_word' id='word_1_31' title='bbox 210 615 443 668; x_wconf 85' lang='grc' dir='ltr'><em>λοπολίτης</em></span> <span class='ocrx_word' id='word_1_32' title='bbox 472 611 527 656; x_wconf 79' lang='grc' dir='ltr'><em>ἂν</em></span> <span class='ocrx_word' id='word_1_33' title='bbox 556 614 736 665; x_wconf 79' lang='grc' dir='ltr'><em>λέγοιτο,</em></span> <span class='ocrx_word' id='word_1_34' title='bbox 769 612 792 655; x_wconf 89' lang='grc' dir='ltr'><em>ό</em></span> <span class='ocrx_word' id='word_1_35' title='bbox 822 614 868 656; x_wconf 80' lang='grc' dir='ltr'><em>δὲ</em></span> <span class='ocrx_word' id='word_1_36' title='bbox 896 614 1050 669; x_wconf 77' lang='grc' dir='ltr'><em>μικρᾶς</em></span> <span class='ocrx_word' id='word_1_37' title='bbox 1076 612 1395 669; x_wconf 87' lang='grc' dir='ltr'><em>μικροπολίτης.</em></span> <span class='ocrx_word' id='word_1_38' title='bbox 1449 609 1562 656; x_wconf 78' lang='grc' dir='ltr'><em>ὅθεν</em></span> <span class='ocrx_word' id='word_1_39' title='bbox 1591 615 1669 656; x_wconf 82' lang='grc' dir='ltr'><em>καὶ·</em></span> 
     </span>
     <span class='ocr_line' id='line_1_8' title="bbox 210 680 1310 744; baseline -0.005 -14"><span class='ocrx_word' id='word_1_40' title='bbox 210 682 519 744; x_wconf 66' lang='grc' dir='ltr'><em>Ἀριστοφάνει</em></span> <span class='ocrx_word' id='word_1_41' title='bbox 546 683 711 738; x_wconf 85' lang='grc' dir='ltr'><em>εἴρηται</em></span> <span class='ocrx_word' id='word_1_42' title='bbox 742 683 790 724; x_wconf 85' lang='grc' dir='ltr'><em>τὸ</em></span> <span class='ocrx_word' id='word_1_43' title='bbox 820 680 1310 738; x_wconf 82' lang='grc' dir='ltr'><em>μικροπολιτικόν.</em></span> 
     </span>
    </p>

    <p class='ocr_par' dir='ltr' id='par_1_5' title="bbox 854 769 1012 809">
     <span class='ocr_line' id='line_1_9' title="bbox 854 769 1012 809; baseline 0 -1"><span class='ocrx_word' id='word_1_44' title='bbox 854 769 1012 809; x_wconf 88' lang='lat' dir='ltr'>CCXV.</span> 
     </span>
    </p>

    <p class='ocr_par' dir='ltr' id='par_1_6' title="bbox 321 844 1664 902">
     <span class='ocr_line' id='line_1_10' title="bbox 321 844 1664 902; baseline -0.004 -9"><span class='ocrx_word' id='word_1_45' title='bbox 321 853 495 894; x_wconf 74' lang='lat' dir='ltr'><strong>Photius</strong></span> <span class='ocrx_word' id='word_1_46' title='bbox 523 863 563 902; x_wconf 85' lang='lat' dir='ltr'><em>p.</em></span> <span class='ocrx_word' id='word_1_47' title='bbox 593 851 675 889; x_wconf 78' lang='lat'><em>280</em></span> <span class='ocrx_word' id='word_1_48' title='bbox 703 850 753 889; x_wconf 84' lang='lat'><em>3:</em></span> <span class='ocrx_word' id='word_1_49' title='bbox 808 847 1023 899; x_wconf 76' lang='grc' dir='ltr'><em>Μύξαν·</em></span> <span class='ocrx_word' id='word_1_50' title='bbox 1070 844 1206 888; x_wconf 83' lang='grc' dir='ltr'><em>αὐτὸν</em></span> <span class='ocrx_word' id='word_1_51' title='bbox 1243 845 1318 888; x_wconf 91' lang='grc' dir='ltr'><em>τὸν</em></span> <span class='ocrx_word' id='word_1_52' title='bbox 1353 845 1548 902; x_wconf 78' lang='grc' dir='ltr'><em>μυκτῆρα</em></span> <span class='ocrx_word' id='word_1_53' title='bbox 1586 861 1664 887; x_wconf 80' lang='grc' dir='ltr'><em>κα-</em></span> 
     </span>
    </p>

    <p class='ocr_par' dir='ltr' id='par_1_7' title="bbox 215 912 1310 1043">
     <span class='ocr_line' id='line_1_11' title="bbox 215 912 1310 972; baseline -0.006 -9"><span class='ocrx_word' id='word_1_54' title='bbox 215 920 381 972; x_wconf 84' lang='grc' dir='ltr'><em>λοῦσιν,</em></span> <span class='ocrx_word' id='word_1_55' title='bbox 407 916 504 972; x_wconf 81' lang='grc' dir='ltr'><em>οὐχὶ</em></span> <span class='ocrx_word' id='word_1_56' title='bbox 533 917 582 958; x_wconf 85' lang='grc' dir='ltr'><em>τὸ</em></span> <span class='ocrx_word' id='word_1_57' title='bbox 612 914 752 971; x_wconf 69' lang='grc' dir='ltr'><em>ὑγρόν.</em></span> <span class='ocrx_word' id='word_1_58' title='bbox 812 912 946 965; x_wconf 75' lang='grc' dir='ltr'><em>οὕτως</em></span> <span class='ocrx_word' id='word_1_59' title='bbox 972 914 1310 972; x_wconf 82' lang='grc' dir='ltr'><em>Ἀριστοφάνης.</em></span> 
     </span>
     <span class='ocr_line' id='line_1_12' title="bbox 714 1002 1174 1043; baseline 0 -2"><span class='ocrx_word' id='word_1_60' title='bbox 714 1003 882 1043; x_wconf 87' lang='lat' dir='ltr'>CCXVI</span> <span class='ocrx_word' id='word_1_61' title='bbox 910 1027 964 1034; x_wconf 77' lang='lat'><strong>—</strong></span> <span class='ocrx_word' id='word_1_62' title='bbox 994 1002 1174 1042; x_wconf 74' lang='lat' dir='ltr'>CCXIX.</span> 
     </span>
    </p>

    <p class='ocr_par' dir='ltr' id='par_1_8' title="bbox 195 1049 1662 1402">
     <span class='ocr_line' id='line_1_13' title="bbox 320 1049 1658 1123; baseline -0.005 -8"><span class='ocrx_word' id='word_1_63' title='bbox 320 1075 467 1115; x_wconf 84' lang='lat' dir='ltr'><strong>Pollux</strong></span> <span class='ocrx_word' id='word_1_64' title='bbox 495 1073 573 1114; x_wconf 90' lang='lat' dir='ltr'><em>Vll</em></span> <span class='ocrx_word' id='word_1_65' title='bbox 606 1072 708 1111; x_wconf 81' lang='lat'>177:</span> <span class='ocrx_word' id='word_1_66' title='bbox 740 1049 1102 1123; x_wconf 48' lang='grc' dir='ltr'><em>Μυρονῖωλεῖν</em></span> <span class='ocrx_word' id='word_1_67' title='bbox 1131 1068 1175 1108; x_wconf 79' lang='grc' dir='ltr'><em>δὲ</em></span> <span class='ocrx_word' id='word_1_68' title='bbox 1200 1065 1529 1123; x_wconf 80' lang='grc' dir='ltr'><em>Ἀριστοφάνης</em></span> <span class='ocrx_word' id='word_1_69' title='bbox 1560 1065 1658 1121; x_wconf 82' lang='grc' dir='ltr'><em>ἔφη,</em></span> 
     </span>
     <span class='ocr_line' id='line_1_14' title="bbox 195 1135 1662 1197; baseline -0.005 -14"><span class='ocrx_word' id='word_1_70' title='bbox 195 1140 583 1197; x_wconf 77' lang='grc' dir='ltr'><em>μυροπώλιον,</em></span> <span class='ocrx_word' id='word_1_71' title='bbox 620 1135 794 1192; x_wconf 82' lang='grc' dir='ltr'><em>μύρου</em></span> <span class='ocrx_word' id='word_1_72' title='bbox 822 1135 1206 1192; x_wconf 76' lang='grc' dir='ltr'><em>ἀλάβαστρον,</em></span> <span class='ocrx_word' id='word_1_73' title='bbox 1235 1135 1461 1192; x_wconf 84' lang='grc' dir='ltr'><em>μυρίδα,</em></span> <span class='ocrx_word' id='word_1_74' title='bbox 1492 1135 1662 1191; x_wconf 85' lang='grc' dir='ltr'><em>μυρηρά</em></span> 
     </span>
     <span class='ocr_line' id='line_1_15' title="bbox 219 1203 1655 1262; baseline -0.003 -10"><span class='ocrx_word' id='word_1_75' title='bbox 219 1208 437 1261; x_wconf 78' lang='grc' dir='ltr'><em>λήκυθος,</em></span> <span class='ocrx_word' id='word_1_76' title='bbox 474 1206 885 1262; x_wconf 78' lang='grc' dir='ltr'><em>ἀλαβαστροθῆκαι.</em></span> <span class='ocrx_word' id='word_1_77' title='bbox 954 1204 1144 1261; x_wconf 85' lang='grc' dir='ltr'><em>Μυρηρά</em></span> <span class='ocrx_word' id='word_1_78' title='bbox 1170 1203 1364 1257; x_wconf 81' lang='grc' dir='ltr'><em>ληκυθός</em></span> <span class='ocrx_word' id='word_1_79' title='bbox 1393 1212 1454 1247; x_wconf 85' lang='lat' dir='ltr'><em>est</em></span> <span class='ocrx_word' id='word_1_80' title='bbox 1478 1208 1521 1248; x_wconf 85' lang='lat' dir='ltr'><em>in</em></span> <span class='ocrx_word' id='word_1_81' title='bbox 1550 1208 1655 1247; x_wconf 79' lang='lat' dir='ltr'>Dae-</span> 
     </span>
     <span class='ocr_line' id='line_1_16' title="bbox 218 1274 1649 1333; baseline -0.004 -12"><span class='ocrx_word' id='word_1_82' title='bbox 218 1282 442 1333; x_wconf 61' lang='lat' dir='ltr'><strong>talensillu‘s</strong></span> <span class='ocrx_word' id='word_1_83' title='bbox 479 1280 549 1319; x_wconf 83' lang='lat' dir='ltr'><em>Fr.</em></span> <span class='ocrx_word' id='word_1_84' title='bbox 582 1280 651 1327; x_wconf 90' lang='lat' dir='ltr'><em>lV,</em></span> <span class='ocrx_word' id='word_1_85' title='bbox 692 1274 1091 1330; x_wconf 77' lang='grc' dir='ltr'><em>άλαβαστροθῆκαι</em></span> <span class='ocrx_word' id='word_1_86' title='bbox 1126 1278 1166 1317; x_wconf 89' lang='lat' dir='ltr'><em>in</em></span> <span class='ocrx_word' id='word_1_87' title='bbox 1197 1276 1382 1329; x_wconf 84' lang='lat' dir='ltr'><strong>Triphal.</strong></span> <span class='ocrx_word' id='word_1_88' title='bbox 1412 1277 1574 1330; x_wconf 79' lang='lat' dir='ltr'><strong>Fragm.</strong></span> <span class='ocrx_word' id='word_1_89' title='bbox 1600 1277 1649 1318; x_wconf 90' lang='lat' dir='ltr'><em>V.</em></span> 
     </span>
     <span class='ocr_line' id='line_1_17' title="bbox 218 1327 1401 1402; baseline -0.005 -12"><span class='ocrx_word' id='word_1_90' title='bbox 218 1351 361 1402; x_wconf 82' lang='lat' dir='ltr'><strong>Itaque</strong></span> <span class='ocrx_word' id='word_1_91' title='bbox 389 1349 547 1400; x_wconf 83' lang='lat' dir='ltr'><strong>reliqua</strong></span> <span class='ocrx_word' id='word_1_92' title='bbox 577 1361 625 1387; x_wconf 83' lang='lat' dir='ltr'><em>ex</em></span> <span class='ocrx_word' id='word_1_93' title='bbox 655 1347 823 1399; x_wconf 81' lang='lat' dir='ltr'><strong>perditis</strong></span> <span class='ocrx_word' id='word_1_94' title='bbox 854 1347 1075 1386; x_wconf 78' lang='lat' dir='ltr'><strong>comoediis</strong></span> <span class='ocrx_word' id='word_1_95' title='bbox 1104 1350 1196 1385; x_wconf 86' lang='lat' dir='ltr'><strong>sunt</strong></span> <span class='ocrx_word' id='word_1_96' title='bbox 1225 1327 1401 1398; x_wconf 64' lang='lat' dir='ltr'><strong>petita..</strong></span> 
     </span>
    </p>
   </div>
   <div class='ocr_carea' id='block_1_3' title="bbox 211 1429 1660 1623">
    <p class='ocr_par' dir='ltr' id='par_1_9' title="bbox 223 1429 1660 1623">
     <span class='ocr_line' id='line_1_18' title="bbox 699 1429 1183 1469; baseline -0.006 0"><span class='ocrx_word' id='word_1_97' title='bbox 699 1431 845 1469; x_wconf 87' lang='lat' dir='ltr'>CCXX</span> <span class='ocrx_word' id='word_1_98' title='bbox 876 1456 927 1461; x_wconf 82' lang='lat'><em>—-</em></span> <span class='ocrx_word' id='word_1_99' title='bbox 960 1429 1183 1468; x_wconf 85' lang='lat' dir='ltr'>CCXXIII.</span> 
     </span>
     <span class='ocr_line' id='line_1_19' title="bbox 321 1487 1655 1549; baseline -0.005 -9"><span class='ocrx_word' id='word_1_100' title='bbox 321 1500 466 1540; x_wconf 85' lang='lat' dir='ltr'><strong>Pollux</strong></span> <span class='ocrx_word' id='word_1_101' title='bbox 495 1499 574 1540; x_wconf 84' lang='lat' dir='ltr'><em>Vll</em></span> <span class='ocrx_word' id='word_1_102' title='bbox 608 1498 708 1537; x_wconf 82' lang='lat'>139:</span> <span class='ocrx_word' id='word_1_103' title='bbox 754 1487 1061 1541; x_wconf 56' lang='lat' dir='ltr'><em>maome-01}</em></span> <span class='ocrx_word' id='word_1_104' title='bbox 1107 1491 1311 1548; x_wconf 76' lang='grc' dir='ltr'><em>προσήκει</em></span> <span class='ocrx_word' id='word_1_105' title='bbox 1353 1495 1426 1535; x_wconf 87' lang='grc' dir='ltr'><em>καὶ</em></span> <span class='ocrx_word' id='word_1_106' title='bbox 1464 1495 1511 1534; x_wconf 79' lang='grc' dir='ltr'><em>αἱ</em></span> <span class='ocrx_word' id='word_1_107' title='bbox 1547 1491 1655 1549; x_wconf 75' lang='grc' dir='ltr'><em>παρ’</em></span> 
     </span>
     <span class='ocr_line' id='line_1_20' title="bbox 211 1561 1660 1623; baseline -0.004 -13.95"><span class='ocrx_word' id='word_1_108' title='bbox 211 1564 524 1623; x_wconf 74' lang='grc' dir='ltr'><em>Ἀριστοφάνει</em></span> <span class='ocrx_word' id='word_1_109' title='bbox 553 1579 614 1605; x_wconf 88' lang='grc' dir='ltr'><em>να</em></span> <span class='ocrx_word' id='word_1_110' title='bbox 630 1579 828 1618; x_wconf 85' lang='grc' dir='ltr'><em>υτριαι</em></span> <span class='ocrx_word' id='word_1_111' title='bbox 862 1591 914 1597; x_wconf 71' lang='lat'><em>--</em></span> <span class='ocrx_word' id='word_1_112' title='bbox 948 1565 1059 1603; x_wconf 84' lang='lat' dir='ltr'><strong>Idem</strong></span> <span class='ocrx_word' id='word_1_113' title='bbox 1092 1566 1130 1604; x_wconf 89' lang='lat'><em>11</em></span> <span class='ocrx_word' id='word_1_114' title='bbox 1160 1568 1233 1605; x_wconf 78' lang='lat'><em>20:</em></span> <span class='ocrx_word' id='word_1_115' title='bbox 1263 1561 1585 1619; x_wconf 74' lang='grc' dir='ltr'><em>Ἀριστοφάνης</em></span> <span class='ocrx_word' id='word_1_116' title='bbox 1615 1566 1660 1603; x_wconf 82' lang='grc' dir='ltr'><em>δὲ</em></span> 
     </span>
    </p>
   </div>
   <div class='ocr_carea' id='block_1_4' title="bbox 211 1626 1663 1823">
    <p class='ocr_par' dir='ltr' id='par_1_10' title="bbox 211 1626 1663 1823">
     <span class='ocr_line' id='line_1_21' title="bbox 211 1626 1663 1687; baseline -0.003 -10"><span class='ocrx_word' id='word_1_117' title='bbox 211 1626 617 1678; x_wconf 72' lang='grc' dir='ltr'><em>νεανιεύεσθαι</em></span> <span class='ocrx_word' id='word_1_118' title='bbox 654 1635 703 1674; x_wconf 85' lang='grc' dir='ltr'><em>το</em></span> <span class='ocrx_word' id='word_1_119' title='bbox 734 1631 897 1686; x_wconf 76' lang='grc' dir='ltr'><em>τολμᾶν</em></span> <span class='ocrx_word' id='word_1_120' title='bbox 926 1630 1025 1687; x_wconf 81' lang='grc' dir='ltr'><em>ἔφη,</em></span> <span class='ocrx_word' id='word_1_121' title='bbox 1062 1660 1114 1666; x_wconf 88' lang='grc'><em>--</em></span> <span class='ocrx_word' id='word_1_122' title='bbox 1156 1631 1442 1687; x_wconf 70' lang='grc' dir='ltr'><em>ἀνδρίζεσθαι</em></span> <span class='ocrx_word' id='word_1_123' title='bbox 1473 1632 1517 1674; x_wconf 77' lang='grc' dir='ltr'><em>δὲ</em></span> <span class='ocrx_word' id='word_1_124' title='bbox 1546 1631 1663 1672; x_wconf 76' lang='grc' dir='ltr'><em>εἶπεν</em></span> 
     </span>
     <span class='ocr_line' id='line_1_22' title="bbox 211 1697 1658 1759; baseline -0.002 -14"><span class='ocrx_word' id='word_1_125' title='bbox 211 1702 583 1759; x_wconf 79' lang='grc' dir='ltr'><em>ἀνδροῦσθαι,</em></span> <span class='ocrx_word' id='word_1_126' title='bbox 621 1704 693 1743; x_wconf 89' lang='grc' dir='ltr'><em>καὶ</em></span> <span class='ocrx_word' id='word_1_127' title='bbox 731 1697 1068 1755; x_wconf 78' lang='grc' dir='ltr'><em>ἀνδριζόμενοι</em></span> <span class='ocrx_word' id='word_1_128' title='bbox 1084 1700 1325 1756; x_wconf 83' lang='grc' dir='ltr'><em>Υπερειδης.</em></span> <span class='ocrx_word' id='word_1_129' title='bbox 1397 1704 1483 1744; x_wconf 79' lang='lat' dir='ltr'><strong>Cfr.</strong></span> <span class='ocrx_word' id='word_1_130' title='bbox 1526 1704 1658 1755; x_wconf 85' lang='lat' dir='ltr'><strong>Phry-</strong></span> 
     </span>
     <span class='ocr_line' id='line_1_23' title="bbox 212 1772 1659 1823; baseline -0.003 -8"><span class='ocrx_word' id='word_1_131' title='bbox 212 1775 378 1816; x_wconf 82' lang='lat' dir='ltr'><strong>nichum</strong></span> <span class='ocrx_word' id='word_1_132' title='bbox 407 1775 448 1815; x_wconf 89' lang='lat' dir='ltr'><em>in</em></span> <span class='ocrx_word' id='word_1_133' title='bbox 475 1774 651 1815; x_wconf 84' lang='lat' dir='ltr'><strong>Bekkeri</strong></span> <span class='ocrx_word' id='word_1_134' title='bbox 680 1773 833 1813; x_wconf 84' lang='lat' dir='ltr'><strong>Anecd.</strong></span> <span class='ocrx_word' id='word_1_135' title='bbox 866 1773 882 1811; x_wconf 89' lang='lat'>1</span> <span class='ocrx_word' id='word_1_136' title='bbox 913 1786 953 1823; x_wconf 88' lang='lat' dir='ltr'><em>p.</em></span> <span class='ocrx_word' id='word_1_137' title='bbox 983 1772 1037 1811; x_wconf 76' lang='lat'><em>52</em></span> <span class='ocrx_word' id='word_1_138' title='bbox 1070 1773 1135 1812; x_wconf 79' lang='lat'><em>17.</em></span> <span class='ocrx_word' id='word_1_139' title='bbox 1193 1798 1246 1804; x_wconf 82' lang='lat'><strong>—</strong></span> <span class='ocrx_word' id='word_1_140' title='bbox 1301 1773 1413 1812; x_wconf 86' lang='lat' dir='ltr'><strong>ldem</strong></span> <span class='ocrx_word' id='word_1_141' title='bbox 1445 1772 1521 1813; x_wconf 84' lang='lat' dir='ltr'><em>Vll</em></span> <span class='ocrx_word' id='word_1_142' title='bbox 1556 1772 1659 1811; x_wconf 82' lang='lat'>138:</span> 
     </span>
    </p>
   </div>
   <div class='ocr_carea' id='block_1_5' title="bbox 212 1835 1660 1952">
    <p class='ocr_par' dir='ltr' id='par_1_11' title="bbox 212 1835 1660 1952">
     <span class='ocr_line' id='line_1_24' title="bbox 212 1835 1660 1907; baseline -0.002 -25"><span class='ocrx_word' id='word_1_143' title='bbox 212 1841 342 1907; x_wconf 65' lang='lat' dir='ltr'><em>IYei&#39;v</em></span> <span class='ocrx_word' id='word_1_144' title='bbox 380 1839 431 1881; x_wconf 81' lang='grc' dir='ltr'><em>δ’</em></span> <span class='ocrx_word' id='word_1_145' title='bbox 460 1841 513 1893; x_wconf 77' lang='grc' dir='ltr'><em>ἐξ</em></span> <span class='ocrx_word' id='word_1_146' title='bbox 550 1838 751 1887; x_wconf 84' lang='grc' dir='ltr'><em>ὑπτίας</em></span> <span class='ocrx_word' id='word_1_147' title='bbox 789 1837 984 1893; x_wconf 74' lang='grc' dir='ltr'><em>μάθημα</em></span> <span class='ocrx_word' id='word_1_148' title='bbox 1013 1838 1296 1893; x_wconf 77' lang='grc' dir='ltr'><em>κολυμβητιῦν</em></span> <span class='ocrx_word' id='word_1_149' title='bbox 1331 1835 1660 1893; x_wconf 40' lang='grc' dir='ltr'><em>ὶΑριστοφάνης</em></span> 
     </span>
     <span class='ocr_line' id='line_1_25' title="bbox 212 1907 640 1952; baseline 0.007 -3"><span class='ocrx_word' id='word_1_150' title='bbox 212 1909 303 1951; x_wconf 83' lang='grc' dir='ltr'><em>εἰπε</em></span> <span class='ocrx_word' id='word_1_151' title='bbox 331 1910 405 1951; x_wconf 88' lang='grc' dir='ltr'><em>καὶ</em></span> <span class='ocrx_word' id='word_1_152' title='bbox 433 1907 640 1952; x_wconf 85' lang='grc' dir='ltr'><em>Πλάτων.</em></span> 
     </span>
    </p>
   </div>
   <div class='ocr_carea' id='block_1_6' title="bbox 211 1966 1658 2170">
    <p class='ocr_par' dir='ltr' id='par_1_12' title="bbox 211 1966 1658 2170">
     <span class='ocr_line' id='line_1_26' title="bbox 828 1966 1045 2007; baseline 0 -2"><span class='ocrx_word' id='word_1_153' title='bbox 828 1966 1045 2007; x_wconf 83' lang='lat' dir='ltr'>CCXXIV.</span> 
     </span>
     <span class='ocr_line' id='line_1_27' title="bbox 323 2042 1657 2104; baseline -0.005 -14"><span class='ocrx_word' id='word_1_154' title='bbox 323 2050 554 2104; x_wconf 82' lang='lat' dir='ltr'><strong>Stephanus</strong></span> <span class='ocrx_word' id='word_1_155' title='bbox 585 2050 754 2101; x_wconf 80' lang='lat' dir='ltr'><strong>Byzant.</strong></span> <span class='ocrx_word' id='word_1_156' title='bbox 785 2042 1036 2101; x_wconf 70' lang='lat' dir='ltr'><em>Nw&#39;vchc-g:</em></span> <span class='ocrx_word' id='word_1_157' title='bbox 1078 2042 1202 2094; x_wconf 85' lang='grc' dir='ltr'><em>πόλις</em></span> <span class='ocrx_word' id='word_1_158' title='bbox 1241 2042 1494 2101; x_wconf 81' lang='grc' dir='ltr'><em>Ἀρκαδίας.</em></span> <span class='ocrx_word' id='word_1_159' title='bbox 1528 2072 1577 2077; x_wconf 91' lang='grc'><strong>-</strong></span> <span class='ocrx_word' id='word_1_160' title='bbox 1609 2042 1657 2084; x_wconf 89' lang='grc' dir='ltr'><em>τὸ</em></span> 
     </span>
     <span class='ocr_line' id='line_1_28' title="bbox 211 2110 1658 2170; baseline -0.001 -13"><span class='ocrx_word' id='word_1_161' title='bbox 211 2115 393 2158; x_wconf 76' lang='grc' dir='ltr'><em>ἒθνικὸν</em></span> <span class='ocrx_word' id='word_1_162' title='bbox 422 2145 468 2151; x_wconf 83' lang='lat'><em>-—</em></span> <span class='ocrx_word' id='word_1_163' title='bbox 506 2118 577 2156; x_wconf 84' lang='grc' dir='ltr'><em>καὶ</em></span> <span class='ocrx_word' id='word_1_164' title='bbox 607 2111 964 2167; x_wconf 77' lang='grc' dir='ltr'><em>Νωνακριεὺς</em></span> <span class='ocrx_word' id='word_1_165' title='bbox 992 2113 1158 2165; x_wconf 78' lang='grc' dir='ltr'><em>λέγεται</em></span> <span class='ocrx_word' id='word_1_166' title='bbox 1186 2113 1304 2170; x_wconf 83' lang='grc' dir='ltr'><em>παρὰ</em></span> <span class='ocrx_word' id='word_1_167' title='bbox 1330 2110 1658 2169; x_wconf 74' lang='grc' dir='ltr'><em>Ἀριστοφάνει.</em></span> 
     </span>
    </p>
   </div>
   <div class='ocr_carea' id='block_1_7' title="bbox 209 2179 1662 2447">
    <p class='ocr_par' dir='ltr' id='par_1_13' title="bbox 211 2179 1662 2447">
     <span class='ocr_line' id='line_1_29' title="bbox 211 2179 1662 2238; baseline -0.005 -10"><span class='ocrx_word' id='word_1_168' title='bbox 211 2188 446 2228; x_wconf 85' lang='lat' dir='ltr'><strong>Dindorfius</strong></span> <span class='ocrx_word' id='word_1_169' title='bbox 476 2187 650 2227; x_wconf 82' lang='lat' dir='ltr'><strong>coniecit</strong></span> <span class='ocrx_word' id='word_1_170' title='bbox 679 2179 947 2237; x_wconf 85' lang='grc' dir='ltr'><em>Νωνακρεύς.</em></span> <span class='ocrx_word' id='word_1_171' title='bbox 1005 2184 1261 2236; x_wconf 82' lang='lat' dir='ltr'><strong>Hesychius:</strong></span> <span class='ocrx_word' id='word_1_172' title='bbox 1299 2179 1578 2238; x_wconf 82' lang='grc' dir='ltr'><em>Νωνακρεύς·</em></span> <span class='ocrx_word' id='word_1_173' title='bbox 1619 2182 1662 2222; x_wconf 81' lang='grc' dir='ltr'><em>οἱ</em></span> 
     </span>
     <span class='ocr_line' id='line_1_30' title="bbox 213 2248 1662 2309; baseline -0.003 -14"><span class='ocrx_word' id='word_1_174' title='bbox 213 2257 292 2309; x_wconf 76' lang='grc' dir='ltr'><em>μὲν</em></span> <span class='ocrx_word' id='word_1_175' title='bbox 332 2251 539 2304; x_wconf 78' lang='grc' dir='ltr'><em>ἀλείπτην</em></span> <span class='ocrx_word' id='word_1_176' title='bbox 579 2249 848 2307; x_wconf 84' lang='grc' dir='ltr'><em>Αρκαδικὸν</em></span> <span class='ocrx_word' id='word_1_177' title='bbox 891 2248 1194 2294; x_wconf 82' lang='grc' dir='ltr'><em>ἀποδιδόασιν.</em></span> <span class='ocrx_word' id='word_1_178' title='bbox 1252 2249 1277 2302; x_wconf 81' lang='grc' dir='ltr'><em>ἡ</em></span> <span class='ocrx_word' id='word_1_179' title='bbox 1318 2250 1398 2306; x_wconf 73' lang='grc' dir='ltr'><em>γὰρ</em></span> <span class='ocrx_word' id='word_1_180' title='bbox 1436 2249 1662 2306; x_wconf 80' lang='grc' dir='ltr'><em>Νώνακρις</em></span> 
     </span>
     <span class='ocr_line' id='line_1_31' title="bbox 209 2317 1659 2379; baseline -0.005 -13.916"><span class='ocrx_word' id='word_1_181' title='bbox 209 2320 453 2379; x_wconf 81' lang='grc' dir='ltr'><em>Ἀρκαδίας</em></span> <span class='ocrx_word' id='word_1_182' title='bbox 494 2322 585 2363; x_wconf 80' lang='grc' dir='ltr'><em>ἐστὶ</em></span> <span class='ocrx_word' id='word_1_183' title='bbox 629 2319 773 2369; x_wconf 87' lang='grc' dir='ltr'><em>τόπος.</em></span> <span class='ocrx_word' id='word_1_184' title='bbox 848 2321 1019 2361; x_wconf 81' lang='lat' dir='ltr'><strong>Photius</strong></span> <span class='ocrx_word' id='word_1_185' title='bbox 1063 2337 1103 2375; x_wconf 86' lang='lat' dir='ltr'><em>p.</em></span> <span class='ocrx_word' id='word_1_186' title='bbox 1143 2324 1225 2362; x_wconf 79' lang='lat'><em>306</em></span> <span class='ocrx_word' id='word_1_187' title='bbox 1268 2324 1342 2362; x_wconf 87' lang='lat'><em>16:</em></span> <span class='ocrx_word' id='word_1_188' title='bbox 1385 2317 1659 2372; x_wconf 80' lang='grc' dir='ltr'><em>Νωνακρεὺς·</em></span> 
     </span>
     <span class='ocr_line' id='line_1_32' title="bbox 213 2387 776 2447; baseline -0.005 -13.995"><span class='ocrx_word' id='word_1_189' title='bbox 213 2390 386 2444; x_wconf 81' lang='grc' dir='ltr'><em>πύκτης,</em></span> <span class='ocrx_word' id='word_1_190' title='bbox 413 2387 776 2447; x_wconf 79' lang='grc' dir='ltr'><em>παγκρατιαστής.</em></span> 
     </span>
    </p>
   </div>
   <div class='ocr_carea' id='block_1_8' title="bbox 701 2480 1176 2522">
    <p class='ocr_par' dir='ltr' id='par_1_14' title="bbox 701 2480 1176 2522">
     <span class='ocr_line' id='line_1_33' title="bbox 701 2480 1176 2522; baseline -0.004 -1"><span class='ocrx_word' id='word_1_191' title='bbox 701 2481 899 2522; x_wconf 90' lang='lat' dir='ltr'>CCXXV.</span> <span class='ocrx_word' id='word_1_192' title='bbox 959 2480 1176 2520; x_wconf 81' lang='lat' dir='ltr'><strong>ccxxvl.</strong></span> 
     </span>
    </p>
   </div>
   <div class='ocr_carea' id='block_1_9' title="bbox 213 2541 1662 2743">
    <p class='ocr_par' dir='ltr' id='par_1_15' title="bbox 213 2541 1662 2743">
     <span class='ocr_line' id='line_1_34' title="bbox 326 2541 1659 2599; baseline -0.007 -7"><span class='ocrx_word' id='word_1_193' title='bbox 326 2553 469 2592; x_wconf 89' lang='lat' dir='ltr'><strong>Pollux</strong></span> <span class='ocrx_word' id='word_1_194' title='bbox 486 2551 524 2590; x_wconf 91' lang='lat'><em>11</em></span> <span class='ocrx_word' id='word_1_195' title='bbox 557 2551 658 2589; x_wconf 86' lang='lat'>180:</span> <span class='ocrx_word' id='word_1_196' title='bbox 690 2547 784 2588; x_wconf 88' lang='grc' dir='ltr'><em>Καὶ</em></span> <span class='ocrx_word' id='word_1_197' title='bbox 813 2545 1136 2597; x_wconf 77' lang='grc' dir='ltr'><em>νωτοπλῆγα</em></span> <span class='ocrx_word' id='word_1_198' title='bbox 1166 2544 1243 2586; x_wconf 88' lang='grc' dir='ltr'><em>τὸν</em></span> <span class='ocrx_word' id='word_1_199' title='bbox 1269 2543 1507 2599; x_wconf 77' lang='grc' dir='ltr'><em>μαστιγίαν</em></span> <span class='ocrx_word' id='word_1_200' title='bbox 1533 2541 1659 2596; x_wconf 81' lang='grc' dir='ltr'><em>Ἀρι-</em></span> 
     </span>
     <span class='ocr_line' id='line_1_35' title="bbox 214 2610 1662 2672; baseline -0.006 -13"><span class='ocrx_word' id='word_1_201' title='bbox 214 2615 434 2672; x_wconf 71' lang='grc' dir='ltr'><em>στοφάνης</em></span> <span class='ocrx_word' id='word_1_202' title='bbox 477 2615 661 2658; x_wconf 77' lang='grc' dir='ltr'><em>ἐκάλεσε.</em></span> <span class='ocrx_word' id='word_1_203' title='bbox 719 2643 772 2650; x_wconf 82' lang='lat'><em>—-·</em></span> <span class='ocrx_word' id='word_1_204' title='bbox 831 2618 944 2658; x_wconf 82' lang='lat' dir='ltr'><strong>Idem</strong></span> <span class='ocrx_word' id='word_1_205' title='bbox 975 2617 1051 2659; x_wconf 89' lang='lat' dir='ltr'><em>Vll</em></span> <span class='ocrx_word' id='word_1_206' title='bbox 1089 2617 1166 2655; x_wconf 82' lang='lat'><em>30:</em></span> <span class='ocrx_word' id='word_1_207' title='bbox 1205 2612 1424 2665; x_wconf 75' lang='grc' dir='ltr'><em>’Ἑξαινε</em></span> <span class='ocrx_word' id='word_1_208' title='bbox 1469 2611 1514 2652; x_wconf 80' lang='grc' dir='ltr'><em>δὲ</em></span> <span class='ocrx_word' id='word_1_209' title='bbox 1557 2610 1662 2652; x_wconf 74' lang='grc' dir='ltr'><em>τῶν</em></span> 
     </span>
     <span class='ocr_line' id='line_1_36' title="bbox 213 2681 854 2743; baseline -0.003 -15"><span class='ocrx_word' id='word_1_210' title='bbox 213 2688 232 2728; x_wconf 78' lang='grc' dir='ltr'><em>ε’</em></span> <span class='ocrx_word' id='word_1_211' title='bbox 244 2685 372 2743; x_wconf 80' lang='grc' dir='ltr'><em>ρίων</em></span> <span class='ocrx_word' id='word_1_212' title='bbox 401 2682 726 2740; x_wconf 85' lang='grc' dir='ltr'><em>Ἀριστοφάνης</em></span> <span class='ocrx_word' id='word_1_213' title='bbox 755 2681 854 2738; x_wconf 82' lang='grc' dir='ltr'><em>ἔφη.</em></span> 
     </span>
    </p>
   </div>
  </div>
 </body>
</html>
