1716 3164
208 160 315 201 1⁰96
713 162 1123 206 AulsTOPHAMS

611 469 1250 511 ΛΗΜΝΙΑΙ..

316 625 373 664 Ut
403 625 608 678 EuripidIs
639 628 895 680 Hypsipylen
951 628 1176 680 exagitaret
1207 627 1523 679 Aristophanem
1552 627 1656 667 hanc

203 691 382 733 fabulam
418 696 628 747 scripsisse
664 699 826 737 coniicit
867 698 1122 747 Dindorfius,
1163 703 1202 736 at
1233 699 1393 750 penitus
1433 697 1656 736 abiicienda

204 766 266 802 est
296 762 425 803 futilis
468 765 542 804 ista
572 767 707 818 opinio
739 768 914 806 comicos
946 773 1099 819 poetas,
1129 772 1174 806 ut
1203 767 1451 818 tragoediam
1482 767 1656 817 aliquam
1688 804 1690 807 .

203 833 576 883 reprehenderent,
616 835 820 887 integrum
853 837 991 875 drama
1028 824 1304 888 composuisse
1343 836 1526 887 nihilque
1556 836 1659 874 anti-

205 901 324 952 quius
352 901 567 951 habuisse,
607 917 726 955 quam
756 909 800 944 ut
829 905 909 944 hoc
939 906 1003 945 vel
1043 906 1144 944 illud
1175 920 1198 945 a
1229 906 1382 958 tragico
1415 909 1535 958 poeta
1565 917 1658 956 per-

204 981 324 1010 verse
354 970 505 1012 dictum
535 972 672 1013 facete
699 974 911 1014 luderent:
951 975 1047 1026 quin
1077 975 1372 1026 Aristophanes
1408 974 1545 1013 fabula
1574 974 1658 1021 illa,

205 1050 310 1092 quae
341 1045 402 1080 est
434 1041 485 1081 de
514 1042 742 1095 Hypsipyle
773 1048 814 1083 et
844 1045 1022 1085 Lemniis
1052 1045 1288 1084 mulieribus
1320 1048 1382 1082 est
1410 1055 1531 1091 usus,
1570 1048 1659 1081 tan-

204 1119 324 1159 quam
370 1110 579 1151 involucro
618 1112 816 1163 quodam,
864 1125 943 1163 quo
990 1113 1109 1152 altius
1148 1113 1310 1163 aliquod
1357 1116 1398 1151 et
1449 1111 1660 1151 sublimius

205 1178 418 1218 consilium
448 1180 490 1219 in
520 1181 698 1220 medium
729 1180 955 1232 proferret:
995 1183 1066 1221 sed
1106 1194 1209 1233 quae
1250 1186 1311 1220 est
1349 1181 1528 1220 comicae
1559 1180 1658 1218 artis

205 1249 373 1296 natura,
414 1250 503 1288 fieri
535 1263 614 1289 non
644 1251 796 1301 potuit,
835 1251 930 1302 quin
970 1255 1010 1289 et
1039 1252 1079 1290 in
1109 1251 1196 1302 ipsa
1226 1250 1385 1298 sabula,
1416 1251 1544 1300 qualis
1576 1252 1662 1287 erat

207 1316 259 1355 ab
297 1318 473 1368 antiquis
509 1319 678 1367 tradita,
716 1324 758 1357 et
794 1320 835 1359 in
876 1321 1039 1372 tragicis
1080 1319 1235 1371 poetis,
1277 1320 1346 1370 qui
1383 1319 1424 1358 in
1463 1319 1661 1358 consimili

209 1385 518 1427 elaboraverant
547 1392 813 1439 argumento,
842 1389 969 1428 multa
998 1389 1097 1428 haut
1126 1390 1290 1428 inficete
1321 1390 1543 1440 exagitaret
1572 1389 1662 1430 Ari-

209 1455 445 1507 stophanes.
512 1457 568 1496 Et
603 1457 712 1507 quod
751 1457 982 1497 Dindorfius
1013 1459 1219 1510 Euripidis
1265 1458 1522 1510 Hypsipylen
1564 1471 1662 1497 eon-

210 1523 316 1572 fert‚
357 1537 525 1576 prorsus
555 1525 704 1564 falsum
735 1530 819 1573 est,
860 1527 1186 1579 quandoquidem
1217 1527 1424 1578 Euripidis
1454 1528 1663 1579 tragoedia

207 1597 383 1634 mortem
413 1594 654 1635 Archemori
697 1594 747 1633 ab
779 1595 1009 1648 Hypsipyle
1048 1597 1218 1643 nutrice,
1236 1597 1388 1635 deserti
1418 1597 1663 1644 continebat,

208 1662 290 1702 vid.
330 1663 536 1703 Plutarch.
578 1663 731 1703 consol.
770 1663 821 1702 ad
860 1665 995 1716 Apoll.
1040 1679 1080 1717 p.
1122 1665 1203 1703 110
1241 1668 1282 1703 et
1319 1665 1505 1719 SympoS.
1545 1666 1599 1706 lV
1639 1665 1662 1704 1

208 1743 252 1782 p.
281 1732 363 1771 664
392 1734 426 1772 F
457 1733 712 1783 maximeque
741 1733 980 1784 Apollodor.
1014 1734 1074 1773 111
1103 1735 1154 1774 6:
1198 1727 1470 1785 αἰσθόμεναι
1507 1730 1589 1786 γὰρ
1618 1731 1666 1772 αἱ

208 1794 408 1852 Λήμνιαι
437 1794 618 1855 ὕστερον
639 1796 816 1840 Θόαντα
848 1801 1133 1854 σεσωσμένον,
1164 1800 1325 1841 ἐκεῖνον
1353 1804 1431 1854 μὲν
1460 1799 1666 1852 ἔκτειναν,

208 1864 290 1916 τὴν
331 1867 376 1908 δὲ
411 1865 666 1921 ἰΥψιπύλην
701 1866 1047 1923 ἀπημπόλησαν,
1094 1869 1163 1911 διὸ
1202 1871 1428 1925 πραθεῖσα
1469 1867 1664 1925 ἐλάτρευε

211 1934 332 1991 παρὰ
367 1935 614 1995 Λυκούργῳ.
672 1936 949 1989 δεικνυούσης
978 1938 1023 1980 δὲ
1057 1937 1137 1989 τὴν
1165 1937 1326 1994 κρήνην
1356 1936 1384 1982 ,ὸ
1414 1940 1516 1987 παῖς
1554 1936 1665 1978 ἁπο-

211 2003 411 2060 λειφθεὶς
438 2004 523 2046 ὑπὸ
553 2004 790 2061 δράκοντος
820 2006 1132 2063 διαφθείρεται
1160 2008 1249 2050 κτλ.
1317 2011 1371 2050 At
1407 2023 1505 2049 vero
1535 2012 1666 2061 Argo·

210 2080 424 2116 nautarum
457 2078 600 2116 Lemni
630 2079 846 2118 adventum
871 2083 912 2118 et
930 2079 1158 2131 Aeschylus
1190 2084 1231 2118 et
1261 2080 1488 2130 Sophocles
1518 2083 1665 2118 tracta-

209 2148 366 2194 verant,
395 2147 475 2186 vid.
505 2147 633 2187 schol.
664 2148 799 2199 Apoll.
830 2148 1004 2189 Rhod.1
1033 2149 1137 2188 773:
1159 2139 1265 2186 “On
1295 2144 1347 2184 δ’
1376 2144 1590 2199 ἐμίγησαν
1621 2145 1665 2185 οἱ

209 2207 511 2266 ’Λργοναῦται
550 2215 644 2262 ταῖς
670 2212 891 2267 Λημνίαις
926 2212 1184 2271 Ἠρόδωρος
1215 2214 1390 2268 ἱστορεῖ.
1447 2211 1667 2268 Αἰσχύλος

212 2278 261 2320 δ’
291 2281 337 2322 ἐν
361 2279 371 2292 ‘
389 2279 595 2340 Υψιπύλῃ
625 2283 672 2324 ἐν
702 2277 851 2332 ὅπλοις
881 2285 1019 2339 φησὶν
1044 2282 1182 2331 αὑτὰς
1212 2279 1488 2332 ἐπελθούσας
1512 2298 1666 2337 χειμα-

211 2350 403 2404 ζομένοις
439 2355 527 2402 τοῖς
559 2350 905 2410 Ἀργοναύταις,
947 2353 1090 2408 μέχρις
1120 2345 1172 2394 οὗ
1201 2346 1331 2411 ὅρκον
1364 2350 1525 2406 ἔλαβον
1555 2348 1664 2406 παρῗ

213 2417 360 2461 αὐτῶν
388 2419 643 2475 ἀποβάντας
671 2420 918 2476 μίσγεσθαι
949 2419 1123 2470 αὐταῖς·
1162 2421 1391 2477 Σοφοκλῆς
1428 2421 1472 2461 δὲ
1502 2421 1548 2461 ἐν
1576 2421 1668 2468 Λη-

212 2487 360 2543 μνίαις
388 2493 468 2537 καὶ,
489 2488 633 2546 μάχην
662 2487 842 2547 ἰσχυρὰν
869 2488 1003 2540 αὐτάς
1033 2488 1232 2546 συνάψαι
1261 2488 1410 2546 φησιν.
1477 2494 1530 2533 At
1571 2491 1667 2542 quid

211 2562 466 2616 potissimum
494 2564 738 2616 spectaverit
766 2568 888 2616 poeta
917 2564 1052 2616 arguit
1080 2565 1150 2604 Fr.
1183 2563 1281 2604 vll:

325 2630 417 2671 Καὶ
458 2630 536 2683 τὴν
572 2630 808 2687 κρατίστην
844 2627 1050 2685 δαίμον’,
1086 2623 1136 2678 ἧς
1179 2628 1258 2671 νῦν
1295 2622 1461 2683 θερμός
1504 2623 1610 2669 ἐσθ’
1642 2625 1665 2668 ὁ

1025 2695 1184 2753 βωμός.
