<?xml version="1.0" encoding="UTF-8"?>
<!DOCTYPE html PUBLIC "-//W3C//DTD XHTML 1.0 Transitional//EN"
    "http://www.w3.org/TR/xhtml1/DTD/xhtml1-transitional.dtd">
<html xmlns="http://www.w3.org/1999/xhtml" xml:lang="en" lang="en">
 <head>
  <title>
</title>
<meta http-equiv="Content-Type" content="text/html;charset=utf-8" />
  <meta name='ocr-system' content='tesseract 3.04.00' />
  <meta name='ocr-capabilities' content='ocr_page ocr_carea ocr_par ocr_line ocrx_word'/>
</head>
<body>
  <div class='ocr_page' id='page_1' title='image "./fragmentacomicor02meinuoft_0343.png"; bbox 0 0 1716 3158; ppageno 0'>
   <div class='ocr_carea' id='block_1_1' title="bbox 605 171 1558 218">
    <p class='ocr_par' dir='ltr' id='par_1_1' title="bbox 605 171 1558 218">
     <span class='ocr_line' id='line_1_1' title="bbox 605 171 1558 218; baseline 0.001 -1"><span class='ocrx_word' id='word_1_1' title='bbox 605 171 1028 218; x_wconf 82' lang='grc' dir='ltr'><em>ΛῙΟΛΟΣΙΚΩΝ.</em></span> <span class='ocrx_word' id='word_1_2' title='bbox 1477 177 1558 218; x_wconf 76' lang='lat'><strong>941</strong></span> 
     </span>
    </p>
   </div>
   <div class='ocr_carea' id='block_1_2' title="bbox 11 280 1562 490">
    <p class='ocr_par' dir='ltr' id='par_1_2' title="bbox 11 280 1562 490">
     <span class='ocr_line' id='line_1_2' title="bbox 19 280 1562 351; baseline -0.003 -15"><span class='ocrx_word' id='word_1_3' title='bbox 19 297 23 301; x_wconf 82' lang='grc'><strong>”</strong></span> <span class='ocrx_word' id='word_1_4' title='bbox 81 290 374 351; x_wconf 64' lang='grc' dir='ltr'><em>ψηφίσματος</em></span> <span class='ocrx_word' id='word_1_5' title='bbox 412 286 495 345; x_wconf 73' lang='grc' dir='ltr'><strong>γὰρ</strong></span> <span class='ocrx_word' id='word_1_6' title='bbox 533 289 769 345; x_wconf 72' lang='grc' dir='ltr'><em>γενομένου</em></span> <span class='ocrx_word' id='word_1_7' title='bbox 800 286 1061 347; x_wconf 80' lang='grc' dir='ltr'><em>χορηγικοῦ,</em></span> <span class='ocrx_word' id='word_1_8' title='bbox 1102 280 1215 329; x_wconf 71' lang='grc' dir='ltr'><em>ὥστε</em></span> <span class='ocrx_word' id='word_1_9' title='bbox 1244 285 1307 343; x_wconf 85' lang='grc' dir='ltr'><em>μή</em></span> <span class='ocrx_word' id='word_1_10' title='bbox 1336 287 1562 347; x_wconf 78' lang='grc' dir='ltr'><em>κωμῳδεῖν</em></span> 
     </span>
     <span class='ocr_line' id='line_1_3' title="bbox 82 357 1562 419; baseline -0.003 -13"><span class='ocrx_word' id='word_1_11' title='bbox 82 362 182 406; x_wconf 74' lang='grc' dir='ltr'><em>τινὰ</em></span> <span class='ocrx_word' id='word_1_12' title='bbox 211 364 288 406; x_wconf 83' lang='grc' dir='ltr'><strong>καὶ</strong></span> <span class='ocrx_word' id='word_1_13' title='bbox 318 361 406 404; x_wconf 74' lang='grc' dir='ltr'><em>τῶν</em></span> <span class='ocrx_word' id='word_1_14' title='bbox 431 361 632 419; x_wconf 77' lang='grc' dir='ltr'><em>χορηγῶν</em></span> <span class='ocrx_word' id='word_1_15' title='bbox 660 358 806 403; x_wconf 73' lang='grc' dir='ltr'><em>οὐκέτ’</em></span> <span class='ocrx_word' id='word_1_16' title='bbox 837 357 1110 415; x_wconf 74' lang='grc' dir='ltr'><em>ἀντεχόντων</em></span> <span class='ocrx_word' id='word_1_17' title='bbox 1140 357 1249 416; x_wconf 79' lang='grc' dir='ltr'><strong><em>πρὸς</em></strong></span> <span class='ocrx_word' id='word_1_18' title='bbox 1278 357 1330 401; x_wconf 85' lang='grc' dir='ltr'><strong>τὸ</strong></span> <span class='ocrx_word' id='word_1_19' title='bbox 1355 363 1562 417; x_wconf 76' lang='grc' dir='ltr'><em>χορηγεῖν</em></span> 
     </span>
     <span class='ocr_line' id='line_1_4' title="bbox 11 424 1562 490; baseline -0.003 -11"><span class='ocrx_word' id='word_1_20' title='bbox 11 478 13 480; x_wconf 79' lang='grc'>,</span> <span class='ocrx_word' id='word_1_21' title='bbox 78 436 153 478; x_wconf 84' lang='grc' dir='ltr'><strong>καὶ</strong></span> <span class='ocrx_word' id='word_1_22' title='bbox 193 431 482 477; x_wconf 79' lang='grc' dir='ltr'><em>παντάπασιν</em></span> <span class='ocrx_word' id='word_1_23' title='bbox 518 429 816 480; x_wconf 75' lang='grc' dir='ltr'><em>ἐκλελοιπυίας</em></span> <span class='ocrx_word' id='word_1_24' title='bbox 856 430 933 482; x_wconf 81' lang='grc' dir='ltr'><strong>τῆς</strong></span> <span class='ocrx_word' id='word_1_25' title='bbox 972 424 1078 482; x_wconf 75' lang='grc' dir='ltr'><em>ὕλης</em></span> <span class='ocrx_word' id='word_1_26' title='bbox 1118 431 1207 472; x_wconf 77' lang='grc' dir='ltr'><em>τῶν</em></span> <span class='ocrx_word' id='word_1_27' title='bbox 1234 431 1458 490; x_wconf 78' lang='grc' dir='ltr'><em>κωμῳδῶν</em></span> <span class='ocrx_word' id='word_1_28' title='bbox 1486 431 1562 475; x_wconf 78' lang='grc' dir='ltr'><strong>διὰ</strong></span> 
     </span>
    </p>
   </div>
   <div class='ocr_carea' id='block_1_3' title="bbox 11 498 1563 559">
    <p class='ocr_par' dir='ltr' id='par_1_3' title="bbox 11 498 1563 559">
     <span class='ocr_line' id='line_1_5' title="bbox 11 498 1563 559; baseline -0.003 -11"><span class='ocrx_word' id='word_1_29' title='bbox 11 516 13 518; x_wconf 77' lang='grc'><strong>’</strong></span> <span class='ocrx_word' id='word_1_30' title='bbox 80 503 250 548; x_wconf 80' lang='grc' dir='ltr'><em>τούτων</em></span> <span class='ocrx_word' id='word_1_31' title='bbox 288 502 457 556; x_wconf 78' lang='grc' dir='ltr'><em>αὐτῶν,</em></span> <span class='ocrx_word' id='word_1_32' title='bbox 505 503 651 544; x_wconf 80' lang='grc' dir='ltr'><em>αἴτιον</em></span> <span class='ocrx_word' id='word_1_33' title='bbox 686 499 769 558; x_wconf 76' lang='grc' dir='ltr'><strong>γὰρ</strong></span> <span class='ocrx_word' id='word_1_34' title='bbox 810 500 1044 559; x_wconf 79' lang='grc' dir='ltr'><em>κωμῳδίας</em></span> <span class='ocrx_word' id='word_1_35' title='bbox 1081 501 1132 543; x_wconf 89' lang='grc' dir='ltr'><strong>τὸ</strong></span> <span class='ocrx_word' id='word_1_36' title='bbox 1172 498 1388 544; x_wconf 75' lang='grc' dir='ltr'><em>σκώπτειν</em></span> <span class='ocrx_word' id='word_1_37' title='bbox 1426 499 1563 554; x_wconf 80' lang='grc' dir='ltr'><em>τινάς,</em></span> 
     </span>
    </p>
   </div>
   <div class='ocr_carea' id='block_1_4' title="bbox 80 566 1564 775">
    <p class='ocr_par' dir='ltr' id='par_1_4' title="bbox 80 566 1564 775">
     <span class='ocr_line' id='line_1_6' title="bbox 82 566 1563 634; baseline -0.002 -15"><span class='ocrx_word' id='word_1_38' title='bbox 82 577 248 634; x_wconf 71' lang='grc' dir='ltr'><em>ἔγραψε</em></span> <span class='ocrx_word' id='word_1_39' title='bbox 280 574 523 627; x_wconf 76' lang='grc' dir='ltr'><em>Κώκαλον,</em></span> <span class='ocrx_word' id='word_1_40' title='bbox 563 574 610 615; x_wconf 77' lang='grc' dir='ltr'><em>ἐν</em></span> <span class='ocrx_word' id='word_1_41' title='bbox 640 566 673 632; x_wconf 77' lang='grc' dir='ltr'><em>ᾧ</em></span> <span class='ocrx_word' id='word_1_42' title='bbox 701 569 863 628; x_wconf 70' lang='grc' dir='ltr'><strong>εἰσάγει</strong></span> <span class='ocrx_word' id='word_1_43' title='bbox 894 571 1083 630; x_wconf 77' lang='grc' dir='ltr'><em>φθορὰν</em></span> <span class='ocrx_word' id='word_1_44' title='bbox 1111 574 1188 614; x_wconf 84' lang='grc' dir='ltr'><strong>καὶ</strong></span> <span class='ocrx_word' id='word_1_45' title='bbox 1218 571 1563 628; x_wconf 73' lang='grc' dir='ltr'><em>ἀνιεγνωρισμὸν</em></span> 
     </span>
     <span class='ocr_line' id='line_1_7' title="bbox 86 642 1562 701; baseline -0.003 -9"><span class='ocrx_word' id='word_1_46' title='bbox 86 651 162 692; x_wconf 78' lang='grc' dir='ltr'><strong>καὶ</strong></span> <span class='ocrx_word' id='word_1_47' title='bbox 192 646 330 690; x_wconf 78' lang='grc' dir='ltr'><em>τᾶλλα</em></span> <span class='ocrx_word' id='word_1_48' title='bbox 361 644 506 689; x_wconf 82' lang='grc' dir='ltr'><em>πάντα</em></span> <span class='ocrx_word' id='word_1_49' title='bbox 536 642 570 685; x_wconf 81' lang='lat' dir='ltr'><strong>c‘e&#39;</strong></span> <span class='ocrx_word' id='word_1_50' title='bbox 596 643 778 697; x_wconf 75' lang='grc' dir='ltr'><em>ἐζήλωσε</em></span> <span class='ocrx_word' id='word_1_51' title='bbox 811 643 1092 701; x_wconf 68' lang='grc' dir='ltr'><em>ΒΙένανδρος.</em></span> <span class='ocrx_word' id='word_1_52' title='bbox 1150 648 1205 688; x_wconf 87' lang='lat' dir='ltr'><strong>At</strong></span> <span class='ocrx_word' id='word_1_53' title='bbox 1223 646 1465 687; x_wconf 87' lang='lat' dir='ltr'><strong>Dindorfius</strong></span> <span class='ocrx_word' id='word_1_54' title='bbox 1494 660 1562 687; x_wconf 89' lang='lat' dir='ltr'><strong>er-</strong></span> 
     </span>
     <span class='ocr_line' id='line_1_8' title="bbox 80 718 1564 775; baseline -0.003 -11"><span class='ocrx_word' id='word_1_55' title='bbox 80 727 171 772; x_wconf 85' lang='lat' dir='ltr'><strong>rat,</strong></span> <span class='ocrx_word' id='word_1_56' title='bbox 214 722 282 775; x_wconf 91' lang='lat' dir='ltr'><strong>qui</strong></span> <span class='ocrx_word' id='word_1_57' title='bbox 317 720 414 760; x_wconf 89' lang='lat' dir='ltr'><strong>inde</strong></span> <span class='ocrx_word' id='word_1_58' title='bbox 456 719 681 759; x_wconf 83' lang='lat' dir='ltr'><strong>coniecerit</strong></span> <span class='ocrx_word' id='word_1_59' title='bbox 711 719 1030 760; x_wconf 85' lang='lat' dir='ltr'><strong>Aeolosiconem</strong></span> <span class='ocrx_word' id='word_1_60' title='bbox 1059 718 1240 771; x_wconf 83' lang='lat' dir='ltr'><strong>priorem</strong></span> <span class='ocrx_word' id='word_1_61' title='bbox 1271 730 1364 757; x_wconf 91' lang='lat' dir='ltr'><strong>esse</strong></span> <span class='ocrx_word' id='word_1_62' title='bbox 1395 718 1564 770; x_wconf 80' lang='lat' dir='ltr'>Cocalo,</span> 
     </span>
    </p>
   </div>
   <div class='ocr_carea' id='block_1_5' title="bbox 10 785 1563 842">
    <p class='ocr_par' dir='ltr' id='par_1_5' title="bbox 10 785 1563 842">
     <span class='ocr_line' id='line_1_9' title="bbox 10 785 1563 842; baseline -0.003 -7"><span class='ocrx_word' id='word_1_63' title='bbox 10 785 11 791; x_wconf 34' lang='lat'>¹</span> <span class='ocrx_word' id='word_1_64' title='bbox 83 795 300 835; x_wconf 75' lang='lat' dir='ltr'><strong>arbitratus</strong></span> <span class='ocrx_word' id='word_1_65' title='bbox 330 791 403 830; x_wconf 84' lang='lat' dir='ltr'><strong>ille</strong></span> <span class='ocrx_word' id='word_1_66' title='bbox 434 791 615 842; x_wconf 85' lang='lat' dir='ltr'><strong>quidem,</strong></span> <span class='ocrx_word' id='word_1_67' title='bbox 645 795 690 830; x_wconf 88' lang='lat' dir='ltr'><strong>ut</strong></span> <span class='ocrx_word' id='word_1_68' title='bbox 715 791 889 839; x_wconf 89' lang='lat' dir='ltr'><strong>videtur,</strong></span> <span class='ocrx_word' id='word_1_69' title='bbox 914 790 1230 830; x_wconf 88' lang='lat' dir='ltr'><strong>Aeolosieonem</strong></span> <span class='ocrx_word' id='word_1_70' title='bbox 1260 789 1370 828; x_wconf 85' lang='lat' dir='ltr'><strong>iuter</strong></span> <span class='ocrx_word' id='word_1_71' title='bbox 1399 789 1563 830; x_wconf 88' lang='lat' dir='ltr'><strong>mediae</strong></span> 
     </span>
    </p>
   </div>
   <div class='ocr_carea' id='block_1_6' title="bbox 52 860 1565 2830">
    <p class='ocr_par' dir='ltr' id='par_1_6' title="bbox 52 860 1565 2830">
     <span class='ocr_line' id='line_1_10' title="bbox 83 860 1562 910; baseline -0.003 -3"><span class='ocrx_word' id='word_1_72' title='bbox 83 863 322 906; x_wconf 85' lang='lat' dir='ltr'><strong>comoediae</strong></span> <span class='ocrx_word' id='word_1_73' title='bbox 351 861 515 901; x_wconf 87' lang='lat' dir='ltr'><strong>fabulas</strong></span> <span class='ocrx_word' id='word_1_74' title='bbox 546 860 816 901; x_wconf 88' lang='lat' dir='ltr'><strong>referendum</strong></span> <span class='ocrx_word' id='word_1_75' title='bbox 858 874 973 910; x_wconf 91' lang='lat' dir='ltr'><strong>esse,</strong></span> <span class='ocrx_word' id='word_1_76' title='bbox 1003 861 1202 901; x_wconf 81' lang='lat' dir='ltr'><strong>Cocalum</strong></span> <span class='ocrx_word' id='word_1_77' title='bbox 1234 864 1373 900; x_wconf 80' lang='lat' dir='ltr'><strong>autem</strong></span> <span class='ocrx_word' id='word_1_78' title='bbox 1405 860 1457 900; x_wconf 92' lang='lat' dir='ltr'><strong>ad</strong></span> <span class='ocrx_word' id='word_1_79' title='bbox 1487 874 1562 902; x_wconf 91' lang='lat' dir='ltr'><strong>no-</strong></span> 
     </span>
     <span class='ocr_line' id='line_1_11' title="bbox 82 930 1562 985; baseline -0.003 -8"><span class='ocrx_word' id='word_1_80' title='bbox 82 949 172 977; x_wconf 86' lang='lat' dir='ltr'><strong>vam</strong></span> <span class='ocrx_word' id='word_1_81' title='bbox 211 933 467 975; x_wconf 84' lang='lat' dir='ltr'><strong>comoediam</strong></span> <span class='ocrx_word' id='word_1_82' title='bbox 505 933 736 985; x_wconf 87' lang='lat' dir='ltr'><strong>pertinere,</strong></span> <span class='ocrx_word' id='word_1_83' title='bbox 784 932 896 984; x_wconf 87' lang='lat' dir='ltr'><strong>quod</strong></span> <span class='ocrx_word' id='word_1_84' title='bbox 946 930 1040 971; x_wconf 76' lang='lat' dir='ltr'><strong>fieri</strong></span> <span class='ocrx_word' id='word_1_85' title='bbox 1079 932 1194 972; x_wconf 87' lang='lat' dir='ltr'><strong>nullo</strong></span> <span class='ocrx_word' id='word_1_86' title='bbox 1236 936 1357 984; x_wconf 86' lang='lat' dir='ltr'><strong>pacto</strong></span> <span class='ocrx_word' id='word_1_87' title='bbox 1396 936 1562 985; x_wconf 84' lang='lat' dir='ltr'><strong>potest:</strong></span> 
     </span>
     <span class='ocr_line' id='line_1_12' title="bbox 83 1003 1564 1056; baseline -0.001 -10"><span class='ocrx_word' id='word_1_88' title='bbox 83 1006 232 1046; x_wconf 88' lang='lat' dir='ltr'><strong>eodem</strong></span> <span class='ocrx_word' id='word_1_89' title='bbox 263 1004 372 1044; x_wconf 91' lang='lat' dir='ltr'><strong>enim</strong></span> <span class='ocrx_word' id='word_1_90' title='bbox 401 1003 496 1043; x_wconf 90' lang='lat' dir='ltr'><strong>iure</strong></span> <span class='ocrx_word' id='word_1_91' title='bbox 527 1004 650 1043; x_wconf 88' lang='lat' dir='ltr'><strong>etiam</strong></span> <span class='ocrx_word' id='word_1_92' title='bbox 668 1004 825 1043; x_wconf 80' lang='lat' dir='ltr'>Cratini</span> <span class='ocrx_word' id='word_1_93' title='bbox 846 1003 1020 1055; x_wconf 85' lang='lat' dir='ltr'><strong>Ulysses</strong></span> <span class='ocrx_word' id='word_1_94' title='bbox 1045 1007 1140 1056; x_wconf 85' lang='lat' dir='ltr'><strong>post</strong></span> <span class='ocrx_word' id='word_1_95' title='bbox 1158 1003 1564 1056; x_wconf 74' lang='lat' dir='ltr'><strong>Peloponnesiacum</strong></span> 
     </span>
     <span class='ocr_line' id='line_1_13' title="bbox 78 1073 1563 1127; baseline -0.001 -11"><span class='ocrx_word' id='word_1_96' title='bbox 78 1076 234 1117; x_wconf 88' lang='lat' dir='ltr'><strong>bellum</strong></span> <span class='ocrx_word' id='word_1_97' title='bbox 269 1075 447 1115; x_wconf 88' lang='lat' dir='ltr'><strong>reiicere</strong></span> <span class='ocrx_word' id='word_1_98' title='bbox 484 1075 647 1115; x_wconf 87' lang='lat' dir='ltr'><strong>liceret.</strong></span> <span class='ocrx_word' id='word_1_99' title='bbox 715 1075 780 1114; x_wconf 81' lang='lat' dir='ltr'><strong>Ex</strong></span> <span class='ocrx_word' id='word_1_100' title='bbox 818 1073 888 1123; x_wconf 85' lang='lat' dir='ltr'><strong>iis,</strong></span> <span class='ocrx_word' id='word_1_101' title='bbox 919 1085 1026 1126; x_wconf 85' lang='lat' dir='ltr'><strong>quae</strong></span> <span class='ocrx_word' id='word_1_102' title='bbox 1055 1074 1314 1127; x_wconf 78' lang='lat' dir='ltr'><strong>grammatici</strong></span> <span class='ocrx_word' id='word_1_103' title='bbox 1353 1074 1418 1114; x_wconf 88' lang='lat' dir='ltr'><strong>illi</strong></span> <span class='ocrx_word' id='word_1_104' title='bbox 1448 1087 1563 1126; x_wconf 87' lang='lat' dir='ltr'><strong>vere,</strong></span> 
     </span>
     <span class='ocr_line' id='line_1_14' title="bbox 81 1145 1563 1199; baseline 0.001 -13"><span class='ocrx_word' id='word_1_105' title='bbox 81 1147 268 1199; x_wconf 86' lang='lat' dir='ltr'><strong>quamvis</strong></span> <span class='ocrx_word' id='word_1_106' title='bbox 299 1159 443 1199; x_wconf 88' lang='lat' dir='ltr'><strong>parum</strong></span> <span class='ocrx_word' id='word_1_107' title='bbox 475 1146 655 1186; x_wconf 83' lang='lat' dir='ltr'><strong>dilucide</strong></span> <span class='ocrx_word' id='word_1_108' title='bbox 694 1146 1035 1198; x_wconf 81' lang='lat' dir='ltr'><strong>disputaverunt,</strong></span> <span class='ocrx_word' id='word_1_109' title='bbox 1071 1146 1125 1186; x_wconf 91' lang='lat' dir='ltr'><strong>de</strong></span> <span class='ocrx_word' id='word_1_110' title='bbox 1154 1147 1195 1186; x_wconf 85' lang='lat' dir='ltr'><strong>vi</strong></span> <span class='ocrx_word' id='word_1_111' title='bbox 1224 1149 1265 1185; x_wconf 87' lang='lat' dir='ltr'><strong>et</strong></span> <span class='ocrx_word' id='word_1_112' title='bbox 1294 1149 1441 1186; x_wconf 83' lang='lat' dir='ltr'><strong>natura</strong></span> <span class='ocrx_word' id='word_1_113' title='bbox 1469 1145 1563 1187; x_wconf 86' lang='lat' dir='ltr'><strong>illa-</strong></span> 
     </span>
     <span class='ocr_line' id='line_1_15' title="bbox 79 1217 1564 1271; baseline 0 -13"><span class='ocrx_word' id='word_1_114' title='bbox 79 1230 174 1258; x_wconf 89' lang='lat' dir='ltr'><strong>rum</strong></span> <span class='ocrx_word' id='word_1_115' title='bbox 214 1217 472 1267; x_wconf 84' lang='lat' dir='ltr'><strong>fabularum,</strong></span> <span class='ocrx_word' id='word_1_116' title='bbox 512 1230 594 1257; x_wconf 90' lang='lat' dir='ltr'><strong>non</strong></span> <span class='ocrx_word' id='word_1_117' title='bbox 633 1218 733 1256; x_wconf 89' lang='lat' dir='ltr'><strong>item</strong></span> <span class='ocrx_word' id='word_1_118' title='bbox 771 1217 824 1256; x_wconf 92' lang='lat' dir='ltr'><strong>de</strong></span> <span class='ocrx_word' id='word_1_119' title='bbox 862 1219 1053 1269; x_wconf 83' lang='lat' dir='ltr'><strong>tempore</strong></span> <span class='ocrx_word' id='word_1_120' title='bbox 1091 1217 1374 1257; x_wconf 87' lang='lat' dir='ltr'><strong>coniecturam</strong></span> <span class='ocrx_word' id='word_1_121' title='bbox 1411 1229 1564 1271; x_wconf 82' lang='lat' dir='ltr'><strong>capere</strong></span> 
     </span>
     <span class='ocr_line' id='line_1_16' title="bbox 81 1287 1563 1342; baseline 0.001 -13"><span class='ocrx_word' id='word_1_122' title='bbox 81 1301 313 1342; x_wconf 86' lang='lat' dir='ltr'><strong>possumus.</strong></span> <span class='ocrx_word' id='word_1_123' title='bbox 384 1289 439 1328; x_wconf 81' lang='lat' dir='ltr'><strong>Et</strong></span> <span class='ocrx_word' id='word_1_124' title='bbox 469 1291 646 1340; x_wconf 87' lang='lat' dir='ltr'><strong>utraque</strong></span> <span class='ocrx_word' id='word_1_125' title='bbox 677 1288 844 1340; x_wconf 88' lang='lat' dir='ltr'><strong>quidem</strong></span> <span class='ocrx_word' id='word_1_126' title='bbox 875 1287 1019 1328; x_wconf 84' lang='lat' dir='ltr'><strong>fabula</strong></span> <span class='ocrx_word' id='word_1_127' title='bbox 1049 1291 1092 1327; x_wconf 85' lang='lat' dir='ltr'><strong>et</strong></span> <span class='ocrx_word' id='word_1_128' title='bbox 1120 1288 1372 1328; x_wconf 90' lang='lat' dir='ltr'><strong>Aeolosicon</strong></span> <span class='ocrx_word' id='word_1_129' title='bbox 1403 1291 1446 1328; x_wconf 84' lang='lat' dir='ltr'><strong>et</strong></span> <span class='ocrx_word' id='word_1_130' title='bbox 1479 1289 1563 1330; x_wconf 85' lang='lat' dir='ltr'><strong>Co-</strong></span> 
     </span>
     <span class='ocr_line' id='line_1_17' title="bbox 82 1359 1563 1412; baseline 0.001 -12"><span class='ocrx_word' id='word_1_131' title='bbox 82 1361 194 1400; x_wconf 89' lang='lat' dir='ltr'><strong>calus</strong></span> <span class='ocrx_word' id='word_1_132' title='bbox 233 1359 398 1412; x_wconf 26' lang='lat' dir='ltr'><strong>mediae·</strong></span> <span class='ocrx_word' id='word_1_133' title='bbox 438 1359 679 1399; x_wconf 89' lang='lat' dir='ltr'><strong>comoediae</strong></span> <span class='ocrx_word' id='word_1_134' title='bbox 721 1359 1005 1399; x_wconf 85' lang='lat' dir='ltr'><strong>accensendae</strong></span> <span class='ocrx_word' id='word_1_135' title='bbox 1041 1360 1209 1400; x_wconf 91' lang='lat' dir='ltr'><strong>omnino</strong></span> <span class='ocrx_word' id='word_1_136' title='bbox 1248 1363 1366 1409; x_wconf 88' lang='lat' dir='ltr'><strong>sunt,</strong></span> <span class='ocrx_word' id='word_1_137' title='bbox 1406 1360 1479 1400; x_wconf 89' lang='lat' dir='ltr'><strong>sed</strong></span> <span class='ocrx_word' id='word_1_138' title='bbox 1511 1372 1563 1401; x_wconf 88' lang='lat' dir='ltr'><strong>eo</strong></span> 
     </span>
     <span class='ocr_line' id='line_1_18' title="bbox 82 1430 1564 1482; baseline 0.001 -11"><span class='ocrx_word' id='word_1_139' title='bbox 82 1430 293 1479; x_wconf 87' lang='lat' dir='ltr'><strong>differunt,</strong></span> <span class='ocrx_word' id='word_1_140' title='bbox 326 1430 435 1482; x_wconf 89' lang='lat' dir='ltr'><strong>quod</strong></span> <span class='ocrx_word' id='word_1_141' title='bbox 454 1430 700 1470; x_wconf 86' lang='lat' dir='ltr'><strong>Aeolosicon</strong></span> <span class='ocrx_word' id='word_1_142' title='bbox 725 1430 893 1482; x_wconf 88' lang='lat' dir='ltr'><strong>quidem</strong></span> <span class='ocrx_word' id='word_1_143' title='bbox 922 1442 1094 1482; x_wconf 89' lang='lat' dir='ltr'><strong>prorsus</strong></span> <span class='ocrx_word' id='word_1_144' title='bbox 1124 1431 1288 1470; x_wconf 89' lang='lat' dir='ltr'><strong>mediae</strong></span> <span class='ocrx_word' id='word_1_145' title='bbox 1320 1431 1564 1472; x_wconf 79' lang='lat' dir='ltr'><strong>comoediae</strong></span> 
     </span>
     <span class='ocr_line' id='line_1_19' title="bbox 83 1500 1564 1555; baseline 0.001 -13"><span class='ocrx_word' id='word_1_146' title='bbox 83 1503 266 1555; x_wconf 90' lang='lat' dir='ltr'><strong>speciem</strong></span> <span class='ocrx_word' id='word_1_147' title='bbox 297 1514 397 1554; x_wconf 87' lang='lat' dir='ltr'><strong>prae</strong></span> <span class='ocrx_word' id='word_1_148' title='bbox 427 1514 472 1540; x_wconf 90' lang='lat' dir='ltr'><strong>se</strong></span> <span class='ocrx_word' id='word_1_149' title='bbox 502 1500 600 1550; x_wconf 85' lang='lat' dir='ltr'><strong>fert,</strong></span> <span class='ocrx_word' id='word_1_150' title='bbox 632 1502 823 1550; x_wconf 84' lang='lat' dir='ltr'><strong>Cocalus,</strong></span> <span class='ocrx_word' id='word_1_151' title='bbox 855 1501 934 1540; x_wconf 88' lang='lat' dir='ltr'><strong>etsi</strong></span> <span class='ocrx_word' id='word_1_152' title='bbox 963 1501 1064 1541; x_wconf 87' lang='lat' dir='ltr'><strong>huic</strong></span> <span class='ocrx_word' id='word_1_153' title='bbox 1094 1514 1260 1554; x_wconf 91' lang='lat' dir='ltr'><strong>quoque</strong></span> <span class='ocrx_word' id='word_1_154' title='bbox 1291 1501 1460 1543; x_wconf 81' lang='lat' dir='ltr'><strong>fabulae</strong></span> <span class='ocrx_word' id='word_1_155' title='bbox 1490 1515 1564 1544; x_wconf 85' lang='lat' dir='ltr'><strong>au-</strong></span> 
     </span>
     <span class='ocr_line' id='line_1_20' title="bbox 52 1572 1563 1625; baseline 0.002 -13"><span class='ocrx_word' id='word_1_156' title='bbox 52 1572 197 1625; x_wconf 27' lang='lat' dir='ltr'><strong>*tiqua</strong></span> <span class='ocrx_word' id='word_1_157' title='bbox 233 1572 342 1612; x_wconf 83' lang='lat' dir='ltr'><strong>fama</strong></span> <span class='ocrx_word' id='word_1_158' title='bbox 379 1573 546 1621; x_wconf 89' lang='lat' dir='ltr'><strong>subest,</strong></span> <span class='ocrx_word' id='word_1_159' title='bbox 586 1575 698 1611; x_wconf 87' lang='lat' dir='ltr'><strong>totus</strong></span> <span class='ocrx_word' id='word_1_160' title='bbox 740 1576 877 1612; x_wconf 85' lang='lat' dir='ltr'><strong>tamen</strong></span> <span class='ocrx_word' id='word_1_161' title='bbox 914 1572 956 1611; x_wconf 88' lang='lat' dir='ltr'><strong>in</strong></span> <span class='ocrx_word' id='word_1_162' title='bbox 995 1572 1165 1625; x_wconf 85' lang='lat' dir='ltr'><strong>privatis</strong></span> <span class='ocrx_word' id='word_1_163' title='bbox 1204 1573 1329 1613; x_wconf 90' lang='lat' dir='ltr'><strong>rebus</strong></span> <span class='ocrx_word' id='word_1_164' title='bbox 1359 1577 1563 1625; x_wconf 86' lang='lat' dir='ltr'><strong>versatur,</strong></span> 
     </span>
     <span class='ocr_line' id='line_1_21' title="bbox 83 1642 1564 1696; baseline 0.002 -13"><span class='ocrx_word' id='word_1_165' title='bbox 83 1645 222 1696; x_wconf 87' lang='lat' dir='ltr'><strong>itaque</strong></span> <span class='ocrx_word' id='word_1_166' title='bbox 251 1648 366 1684; x_wconf 87' lang='lat' dir='ltr'><strong>recte</strong></span> <span class='ocrx_word' id='word_1_167' title='bbox 398 1656 490 1683; x_wconf 89' lang='lat' dir='ltr'><strong>cum</strong></span> <span class='ocrx_word' id='word_1_168' title='bbox 522 1642 741 1683; x_wconf 83' lang='lat' dir='ltr'><strong>Menandri</strong></span> <span class='ocrx_word' id='word_1_169' title='bbox 784 1647 855 1682; x_wconf 88' lang='lat' dir='ltr'><strong>aut</strong></span> <span class='ocrx_word' id='word_1_170' title='bbox 888 1643 1145 1683; x_wconf 79' lang='lat' dir='ltr'><strong>Philemonis</strong></span> <span class='ocrx_word' id='word_1_171' title='bbox 1183 1644 1411 1686; x_wconf 87' lang='lat' dir='ltr'><strong>comoediis</strong></span> <span class='ocrx_word' id='word_1_172' title='bbox 1449 1658 1564 1686; x_wconf 89' lang='lat' dir='ltr'><strong>com-</strong></span> 
     </span>
     <span class='ocr_line' id='line_1_22' title="bbox 85 1714 1565 1769; baseline 0.001 -15"><span class='ocrx_word' id='word_1_173' title='bbox 85 1714 184 1766; x_wconf 89' lang='lat' dir='ltr'><strong>poni</strong></span> <span class='ocrx_word' id='word_1_174' title='bbox 212 1714 358 1766; x_wconf 89' lang='lat' dir='ltr'><strong>potuit.</strong></span> <span class='ocrx_word' id='word_1_175' title='bbox 401 1715 454 1754; x_wconf 89' lang='lat' dir='ltr'><strong>At</strong></span> <span class='ocrx_word' id='word_1_176' title='bbox 485 1714 660 1765; x_wconf 82' lang='lat' dir='ltr'><strong>aliquam</strong></span> <span class='ocrx_word' id='word_1_177' title='bbox 692 1718 840 1756; x_wconf 61' lang='lat' dir='ltr'><strong>tamen„</strong></span> <span class='ocrx_word' id='word_1_178' title='bbox 861 1715 1141 1754; x_wconf 86' lang='lat' dir='ltr'><strong>coniecturam</strong></span> <span class='ocrx_word' id='word_1_179' title='bbox 1171 1714 1313 1755; x_wconf 88' lang='lat' dir='ltr'><strong>facere</strong></span> <span class='ocrx_word' id='word_1_180' title='bbox 1343 1728 1565 1769; x_wconf 86' lang='lat' dir='ltr'><strong>possumus</strong></span> 
     </span>
     <span class='ocr_line' id='line_1_23' title="bbox 85 1785 1564 1838; baseline 0.002 -13"><span class='ocrx_word' id='word_1_181' title='bbox 85 1786 138 1825; x_wconf 90' lang='lat' dir='ltr'><strong>de</strong></span> <span class='ocrx_word' id='word_1_182' title='bbox 168 1790 374 1838; x_wconf 83' lang='lat' dir='ltr'><strong>tempore,</strong></span> <span class='ocrx_word' id='word_1_183' title='bbox 414 1797 494 1836; x_wconf 88' lang='lat' dir='ltr'><strong>quo</strong></span> <span class='ocrx_word' id='word_1_184' title='bbox 527 1785 605 1824; x_wconf 86' lang='lat' dir='ltr'><strong>hae</strong></span> <span class='ocrx_word' id='word_1_185' title='bbox 635 1786 876 1826; x_wconf 90' lang='lat' dir='ltr'><strong>comoediae</strong></span> <span class='ocrx_word' id='word_1_186' title='bbox 907 1791 1022 1825; x_wconf 86' lang='lat' dir='ltr'><strong>actae</strong></span> <span class='ocrx_word' id='word_1_187' title='bbox 1060 1785 1168 1825; x_wconf 86' lang='lat' dir='ltr'><strong>sint:</strong></span> <span class='ocrx_word' id='word_1_188' title='bbox 1209 1790 1370 1825; x_wconf 85' lang='lat' dir='ltr'><strong>constat</strong></span> <span class='ocrx_word' id='word_1_189' title='bbox 1407 1791 1564 1828; x_wconf 87' lang='lat' dir='ltr'><strong>utram-</strong></span> 
     </span>
     <span class='ocr_line' id='line_1_24' title="bbox 86 1855 1563 1910; baseline 0.002 -14"><span class='ocrx_word' id='word_1_190' title='bbox 86 1869 166 1908; x_wconf 86' lang='lat' dir='ltr'><strong>que</strong></span> <span class='ocrx_word' id='word_1_191' title='bbox 196 1855 377 1896; x_wconf 76' lang='lat' dir='ltr'><strong>fabulam</strong></span> <span class='ocrx_word' id='word_1_192' title='bbox 407 1856 457 1895; x_wconf 91' lang='lat' dir='ltr'><strong>ab</strong></span> <span class='ocrx_word' id='word_1_193' title='bbox 474 1856 750 1908; x_wconf 83' lang='lat' dir='ltr'><strong>Aristophane</strong></span> <span class='ocrx_word' id='word_1_194' title='bbox 781 1869 882 1896; x_wconf 90' lang='lat' dir='ltr'><strong>sene</strong></span> <span class='ocrx_word' id='word_1_195' title='bbox 915 1857 1187 1909; x_wconf 75' lang='lat' dir='ltr'><strong>compositam</strong></span> <span class='ocrx_word' id='word_1_196' title='bbox 1219 1870 1313 1897; x_wconf 89' lang='lat' dir='ltr'><strong>esse</strong></span> <span class='ocrx_word' id='word_1_197' title='bbox 1342 1861 1563 1910; x_wconf 85' lang='lat' dir='ltr'><strong>postquam</strong></span> 
     </span>
     <span class='ocr_line' id='line_1_25' title="bbox 84 1925 1563 1980; baseline 0.001 -13"><span class='ocrx_word' id='word_1_198' title='bbox 84 1927 254 1967; x_wconf 88' lang='lat' dir='ltr'><strong>Plutum</strong></span> <span class='ocrx_word' id='word_1_199' title='bbox 272 1926 310 1966; x_wconf 89' lang='lat'><strong>11</strong></span> <span class='ocrx_word' id='word_1_200' title='bbox 342 1926 482 1966; x_wconf 84' lang='lat' dir='ltr'><strong>docuit</strong></span> <span class='ocrx_word' id='word_1_201' title='bbox 511 1925 606 1967; x_wconf 52' lang='lat' dir='ltr'><strong>hsse.</strong></span> <span class='ocrx_word' id='word_1_202' title='bbox 637 1932 733 1980; x_wconf 89' lang='lat' dir='ltr'><strong>post</strong></span> <span class='ocrx_word' id='word_1_203' title='bbox 763 1927 1101 1980; x_wconf 85' lang='lat' dir='ltr'><strong>Olymp.XCV11</strong></span> <span class='ocrx_word' id='word_1_204' title='bbox 1130 1928 1171 1968; x_wconf 80' lang='lat'><strong>4.</strong></span> <span class='ocrx_word' id='word_1_205' title='bbox 1220 1929 1305 1968; x_wconf 85' lang='lat' dir='ltr'><strong>Iam</strong></span> <span class='ocrx_word' id='word_1_206' title='bbox 1336 1941 1436 1969; x_wconf 88' lang='lat' dir='ltr'><strong>vero</strong></span> <span class='ocrx_word' id='word_1_207' title='bbox 1466 1929 1563 1970; x_wconf 90' lang='lat' dir='ltr'><strong>Sui-</strong></span> 
     </span>
     <span class='ocr_line' id='line_1_26' title="bbox 85 1991 1562 2052; baseline 0.002 -15"><span class='ocrx_word' id='word_1_208' title='bbox 85 1998 157 2040; x_wconf 86' lang='lat' dir='ltr'><strong>das</strong></span> <span class='ocrx_word' id='word_1_209' title='bbox 196 2011 235 2039; x_wconf 86' lang='lat' dir='ltr'><strong>v.</strong></span> <span class='ocrx_word' id='word_1_210' title='bbox 270 1991 476 2051; x_wconf 79' lang='grc' dir='ltr'><em>Ἀραρώς</em></span> <span class='ocrx_word' id='word_1_211' title='bbox 512 1997 638 2037; x_wconf 83' lang='lat' dir='ltr'><strong>tradit</strong></span> <span class='ocrx_word' id='word_1_212' title='bbox 675 1999 787 2038; x_wconf 90' lang='lat' dir='ltr'><strong>hunc</strong></span> <span class='ocrx_word' id='word_1_213' title='bbox 822 2004 986 2051; x_wconf 87' lang='lat' dir='ltr'><strong>poetam</strong></span> <span class='ocrx_word' id='word_1_214' title='bbox 1015 1999 1195 2051; x_wconf 88' lang='lat' dir='ltr'><strong>primum</strong></span> <span class='ocrx_word' id='word_1_215' title='bbox 1226 2000 1393 2052; x_wconf 82' lang='lat' dir='ltr'><strong>Olymp.</strong></span> <span class='ocrx_word' id='word_1_216' title='bbox 1424 2000 1479 2040; x_wconf 87' lang='lat' dir='ltr'><strong>CI</strong></span> <span class='ocrx_word' id='word_1_217' title='bbox 1517 2001 1562 2041; x_wconf 88' lang='lat' dir='ltr'><strong>in</strong></span> 
     </span>
     <span class='ocr_line' id='line_1_27' title="bbox 84 2054 1562 2123; baseline 0.001 -14"><span class='ocrx_word' id='word_1_218' title='bbox 84 2073 292 2117; x_wconf 81' lang='lat' dir='ltr'><strong>certamen</strong></span> <span class='ocrx_word' id='word_1_219' title='bbox 324 2069 612 2118; x_wconf 86' lang='lat' dir='ltr'><strong>descendisse,</strong></span> <span class='ocrx_word' id='word_1_220' title='bbox 644 2070 753 2121; x_wconf 90' lang='lat' dir='ltr'><strong>quod</strong></span> <span class='ocrx_word' id='word_1_221' title='bbox 784 2054 1020 2110; x_wconf 81' lang='lat' dir='ltr'><strong>Meinekius</strong></span> <span class='ocrx_word' id='word_1_222' title='bbox 1051 2070 1131 2109; x_wconf 88' lang='lat' dir='ltr'><strong>vol.</strong></span> <span class='ocrx_word' id='word_1_223' title='bbox 1165 2070 1182 2110; x_wconf 87' lang='grc' dir='ltr'>Ι</span> <span class='ocrx_word' id='word_1_224' title='bbox 1211 2083 1252 2123; x_wconf 87' lang='lat' dir='ltr'><strong>p.</strong></span> <span class='ocrx_word' id='word_1_225' title='bbox 1285 2070 1369 2110; x_wconf 71' lang='lat'><strong>343</strong></span> <span class='ocrx_word' id='word_1_226' title='bbox 1409 2071 1461 2110; x_wconf 87' lang='lat' dir='ltr'><strong>ad</strong></span> <span class='ocrx_word' id='word_1_227' title='bbox 1492 2084 1562 2112; x_wconf 82' lang='lat' dir='ltr'><strong>eas</strong></span> 
     </span>
     <span class='ocr_line' id='line_1_28' title="bbox 82 2139 1562 2193; baseline 0.002 -14"><span class='ocrx_word' id='word_1_228' title='bbox 82 2139 215 2179; x_wconf 86' lang='lat' dir='ltr'><strong>refert</strong></span> <span class='ocrx_word' id='word_1_229' title='bbox 242 2140 430 2190; x_wconf 78' lang='lat' dir='ltr'><strong>fabulas,</strong></span> <span class='ocrx_word' id='word_1_230' title='bbox 470 2153 571 2192; x_wconf 86' lang='lat' dir='ltr'><strong>quas</strong></span> <span class='ocrx_word' id='word_1_231' title='bbox 599 2141 690 2193; x_wconf 90' lang='lat' dir='ltr'><strong>ipse</strong></span> <span class='ocrx_word' id='word_1_232' title='bbox 721 2143 873 2182; x_wconf 84' lang='lat' dir='ltr'><strong>Araros</strong></span> <span class='ocrx_word' id='word_1_233' title='bbox 909 2142 1157 2191; x_wconf 82' lang='lat' dir='ltr'><strong>elaboravit,</strong></span> <span class='ocrx_word' id='word_1_234' title='bbox 1198 2155 1279 2182; x_wconf 88' lang='lat' dir='ltr'><strong>non</strong></span> <span class='ocrx_word' id='word_1_235' title='bbox 1319 2142 1370 2181; x_wconf 86' lang='lat' dir='ltr'><strong>ab</strong></span> <span class='ocrx_word' id='word_1_236' title='bbox 1401 2142 1562 2182; x_wconf 88' lang='lat' dir='ltr'><strong>Aristo-</strong></span> 
     </span>
     <span class='ocr_line' id='line_1_29' title="bbox 85 2212 1563 2265; baseline 0.002 -14"><span class='ocrx_word' id='word_1_237' title='bbox 85 2212 219 2265; x_wconf 85' lang='lat' dir='ltr'><strong>phane</strong></span> <span class='ocrx_word' id='word_1_238' title='bbox 248 2215 366 2264; x_wconf 79' lang='lat' dir='ltr'><strong>patre</strong></span> <span class='ocrx_word' id='word_1_239' title='bbox 395 2212 577 2263; x_wconf 89' lang='lat' dir='ltr'><strong>accepit;</strong></span> <span class='ocrx_word' id='word_1_240' title='bbox 609 2224 744 2265; x_wconf 88' lang='lat' dir='ltr'><strong>neque</strong></span> <span class='ocrx_word' id='word_1_241' title='bbox 775 2213 883 2252; x_wconf 90' lang='lat' dir='ltr'><strong>enim</strong></span> <span class='ocrx_word' id='word_1_242' title='bbox 907 2213 1132 2252; x_wconf 77' lang='lat' dir='ltr'><strong>verisimile</strong></span> <span class='ocrx_word' id='word_1_243' title='bbox 1159 2218 1225 2253; x_wconf 73' lang='lat' dir='ltr'><strong>ent</strong></span> <span class='ocrx_word' id='word_1_244' title='bbox 1241 2213 1563 2265; x_wconf 82' lang='lat' dir='ltr'><strong>Aristophanem</strong></span> 
     </span>
     <span class='ocr_line' id='line_1_30' title="bbox 85 2281 1562 2333; baseline 0.002 -12"><span class='ocrx_word' id='word_1_245' title='bbox 85 2282 260 2321; x_wconf 85' lang='lat' dir='ltr'><strong>multum</strong></span> <span class='ocrx_word' id='word_1_246' title='bbox 289 2281 397 2320; x_wconf 90' lang='lat' dir='ltr'><strong>ultra</strong></span> <span class='ocrx_word' id='word_1_247' title='bbox 427 2282 592 2333; x_wconf 87' lang='lat' dir='ltr'><strong>Olymp.</strong></span> <span class='ocrx_word' id='word_1_248' title='bbox 615 2283 648 2321; x_wconf 86' lang='lat' dir='ltr'>C</span> <span class='ocrx_word' id='word_1_249' title='bbox 677 2283 802 2321; x_wconf 88' lang='lat' dir='ltr'><strong>vitam</strong></span> <span class='ocrx_word' id='word_1_250' title='bbox 833 2283 1083 2331; x_wconf 81' lang='lat' dir='ltr'><strong>extendisse,</strong></span> <span class='ocrx_word' id='word_1_251' title='bbox 1115 2284 1283 2323; x_wconf 88' lang='lat' dir='ltr'><strong>omuino</strong></span> <span class='ocrx_word' id='word_1_252' title='bbox 1314 2288 1453 2323; x_wconf 84' lang='lat' dir='ltr'><strong>autem</strong></span> <span class='ocrx_word' id='word_1_253' title='bbox 1483 2285 1562 2325; x_wconf 90' lang='lat' dir='ltr'><strong>im-</strong></span> 
     </span>
     <span class='ocr_line' id='line_1_31' title="bbox 86 2350 1559 2406; baseline 0.005 -18"><span class='ocrx_word' id='word_1_254' title='bbox 86 2350 314 2403; x_wconf 85' lang='lat' dir='ltr'><strong>probabile,</strong></span> <span class='ocrx_word' id='word_1_255' title='bbox 344 2355 509 2402; x_wconf 81' lang='lat' dir='ltr'><strong>poetam</strong></span> <span class='ocrx_word' id='word_1_256' title='bbox 539 2355 756 2402; x_wconf 84' lang='lat' dir='ltr'><strong>postquam</strong></span> <span class='ocrx_word' id='word_1_257' title='bbox 786 2352 969 2392; x_wconf 86' lang='lat' dir='ltr'><strong>sedecim</strong></span> <span class='ocrx_word' id='word_1_258' title='bbox 996 2352 1090 2392; x_wconf 85' lang='lat' dir='ltr'><strong>fere</strong></span> <span class='ocrx_word' id='word_1_259' title='bbox 1119 2366 1248 2394; x_wconf 85' lang='lat' dir='ltr'><strong>annos</strong></span> <span class='ocrx_word' id='word_1_260' title='bbox 1279 2354 1559 2406; x_wconf 82' lang='lat' dir='ltr'><strong>conticuisset,</strong></span> 
     </span>
     <span class='ocr_line' id='line_1_32' title="bbox 86 2421 1561 2479; baseline 0.005 -18"><span class='ocrx_word' id='word_1_261' title='bbox 86 2421 282 2461; x_wconf 90' lang='lat' dir='ltr'><strong>continuo</strong></span> <span class='ocrx_word' id='word_1_262' title='bbox 313 2421 421 2461; x_wconf 85' lang='lat' dir='ltr'><strong>circa</strong></span> <span class='ocrx_word' id='word_1_263' title='bbox 451 2421 615 2473; x_wconf 82' lang='lat' dir='ltr'><strong>Olymp.</strong></span> <span class='ocrx_word' id='word_1_264' title='bbox 647 2421 702 2461; x_wconf 88' lang='lat' dir='ltr'><strong>Cl</strong></span> <span class='ocrx_word' id='word_1_265' title='bbox 743 2421 845 2461; x_wconf 85' lang='lat' dir='ltr'><strong>duas</strong></span> <span class='ocrx_word' id='word_1_266' title='bbox 883 2424 1118 2464; x_wconf 85' lang='lat' dir='ltr'><strong>comoedias</strong></span> <span class='ocrx_word' id='word_1_267' title='bbox 1163 2425 1376 2477; x_wconf 88' lang='lat' dir='ltr'><strong>scripsisse</strong></span> <span class='ocrx_word' id='word_1_268' title='bbox 1406 2439 1561 2479; x_wconf 84' lang='lat' dir='ltr'><strong>easque</strong></span> 
     </span>
     <span class='ocr_line' id='line_1_33' title="bbox 84 2492 1560 2551; baseline 0.007 -21"><span class='ocrx_word' id='word_1_269' title='bbox 84 2492 171 2531; x_wconf 86' lang='lat' dir='ltr'><strong>filio</strong></span> <span class='ocrx_word' id='word_1_270' title='bbox 202 2492 477 2532; x_wconf 87' lang='lat' dir='ltr'><strong>commisisse:</strong></span> <span class='ocrx_word' id='word_1_271' title='bbox 516 2492 598 2532; x_wconf 88' lang='lat' dir='ltr'><strong>hoc</strong></span> <span class='ocrx_word' id='word_1_272' title='bbox 634 2493 760 2546; x_wconf 83' lang='lat' dir='ltr'><strong>igitur</strong></span> <span class='ocrx_word' id='word_1_273' title='bbox 799 2498 959 2534; x_wconf 89' lang='lat' dir='ltr'><strong>certum</strong></span> <span class='ocrx_word' id='word_1_274' title='bbox 992 2507 1085 2535; x_wconf 88' lang='lat' dir='ltr'><strong>esse</strong></span> <span class='ocrx_word' id='word_1_275' title='bbox 1115 2495 1301 2545; x_wconf 84' lang='lat' dir='ltr'><strong>videtur,</strong></span> <span class='ocrx_word' id='word_1_276' title='bbox 1339 2501 1560 2551; x_wconf 85' lang='lat' dir='ltr'><strong>utramque</strong></span> 
     </span>
     <span class='ocr_line' id='line_1_34' title="bbox 82 2562 1557 2620; baseline 0.006 -19"><span class='ocrx_word' id='word_1_277' title='bbox 82 2562 267 2602; x_wconf 79' lang='lat' dir='ltr'><strong>fabulam</strong></span> <span class='ocrx_word' id='word_1_278' title='bbox 298 2567 394 2603; x_wconf 87' lang='lat' dir='ltr'><strong>ante</strong></span> <span class='ocrx_word' id='word_1_279' title='bbox 425 2563 587 2616; x_wconf 80' lang='lat' dir='ltr'><strong>Olymp.</strong></span> <span class='ocrx_word' id='word_1_280' title='bbox 618 2565 673 2604; x_wconf 78' lang='lat' dir='ltr'><strong>c!</strong></span> <span class='ocrx_word' id='word_1_281' title='bbox 704 2565 870 2606; x_wconf 86' lang='lat' dir='ltr'><strong>doctam</strong></span> <span class='ocrx_word' id='word_1_282' title='bbox 902 2579 1010 2615; x_wconf 89' lang='lat' dir='ltr'><strong>esse,</strong></span> <span class='ocrx_word' id='word_1_283' title='bbox 1039 2566 1223 2620; x_wconf 89' lang='lat' dir='ltr'><strong>priorem</strong></span> <span class='ocrx_word' id='word_1_284' title='bbox 1252 2571 1390 2609; x_wconf 79' lang='lat' dir='ltr'><strong>autem</strong></span> <span class='ocrx_word' id='word_1_285' title='bbox 1418 2569 1557 2611; x_wconf 87' lang='lat' dir='ltr'><strong>locum</strong></span> 
     </span>
     <span class='ocr_line' id='line_1_35' title="bbox 79 2633 1557 2692; baseline 0.006 -19"><span class='ocrx_word' id='word_1_286' title='bbox 79 2633 250 2683; x_wconf 76' lang='lat' dir='ltr'><strong>Cocalo,</strong></span> <span class='ocrx_word' id='word_1_287' title='bbox 281 2634 546 2675; x_wconf 88' lang='lat' dir='ltr'><strong>Aeolosiconi</strong></span> <span class='ocrx_word' id='word_1_288' title='bbox 574 2637 849 2688; x_wconf 88' lang='lat' dir='ltr'><strong>posteriorem</strong></span> <span class='ocrx_word' id='word_1_289' title='bbox 880 2638 1194 2679; x_wconf 84' lang='lat' dir='ltr'><strong>concedendum</strong></span> <span class='ocrx_word' id='word_1_290' title='bbox 1224 2651 1332 2689; x_wconf 89' lang='lat' dir='ltr'><strong>esse,</strong></span> <span class='ocrx_word' id='word_1_291' title='bbox 1361 2641 1557 2692; x_wconf 86' lang='lat' dir='ltr'><strong>quoniam</strong></span> 
     </span>
     <span class='ocr_line' id='line_1_36' title="bbox 86 2703 1556 2762; baseline 0.005 -19"><span class='ocrx_word' id='word_1_292' title='bbox 86 2703 189 2744; x_wconf 83' lang='lat' dir='ltr'><strong>nihil</strong></span> <span class='ocrx_word' id='word_1_293' title='bbox 217 2709 302 2754; x_wconf 86' lang='lat' dir='ltr'><strong>est,</strong></span> <span class='ocrx_word' id='word_1_294' title='bbox 343 2705 453 2757; x_wconf 90' lang='lat' dir='ltr'><strong>quod</strong></span> <span class='ocrx_word' id='word_1_295' title='bbox 483 2708 748 2759; x_wconf 81' lang='lat' dir='ltr'><strong>grammatico</strong></span> <span class='ocrx_word' id='word_1_296' title='bbox 777 2709 840 2748; x_wconf 88' lang='lat' dir='ltr'><strong>illi</strong></span> <span class='ocrx_word' id='word_1_297' title='bbox 870 2709 998 2750; x_wconf 88' lang='lat' dir='ltr'><strong>fidem</strong></span> <span class='ocrx_word' id='word_1_298' title='bbox 1028 2709 1289 2762; x_wconf 86' lang='lat' dir='ltr'><strong>abrogemus.</strong></span> <span class='ocrx_word' id='word_1_299' title='bbox 1356 2711 1556 2752; x_wconf 86' lang='lat' dir='ltr'><strong>Ceterum</strong></span> 
     </span>
     <span class='ocr_line' id='line_1_37' title="bbox 87 2774 1554 2830; baseline 0.005 -15"><span class='ocrx_word' id='word_1_300' title='bbox 87 2774 300 2817; x_wconf 79' lang='lat' dir='ltr'><strong>Amotem</strong></span> <span class='ocrx_word' id='word_1_301' title='bbox 328 2777 456 2830; x_wconf 82' lang='lat' dir='ltr'><strong>patris</strong></span> <span class='ocrx_word' id='word_1_302' title='bbox 493 2779 727 2821; x_wconf 83' lang='lat' dir='ltr'><strong>comoedias</strong></span> <span class='ocrx_word' id='word_1_303' title='bbox 770 2779 1008 2822; x_wconf 75' lang='lat' dir='ltr'><strong>exhibuisse</strong></span> <span class='ocrx_word' id='word_1_304' title='bbox 1036 2786 1238 2823; x_wconf 83' lang='lat' dir='ltr'><strong>memorat</strong></span> <span class='ocrx_word' id='word_1_305' title='bbox 1275 2781 1400 2823; x_wconf 76' lang='lat' dir='ltr'><strong>etiam</strong></span> <span class='ocrx_word' id='word_1_306' title='bbox 1429 2782 1554 2823; x_wconf 82' lang='lat' dir='ltr'><strong>scho-</strong></span> 
     </span>
    </p>
   </div>
  </div>
 </body>
</html>
