1716 3164
709 154 924 200 ΙΧΘΥΣ.
1465 158 1552 199 728

60 265 276 326 Ἰχθύσιν
304 265 469 325 Ἰεροὺς
499 268 590 311 κτλ.
651 272 890 326 Legebantur
921 267 1034 326 ἱερὸς
1065 264 1394 327 εῐχρύσοφρυς,
1437 271 1551 326 quod

62 346 303 386 correctum
333 355 358 384 e
385 342 638 384 xcodicibus.

767 441 884 482 Xlll.

376 520 573 565 Κύαθον
602 520 824 581 ἐπριάμην
854 519 980 579 παρὰ
1008 519 1210 564 Δαισίου.

181 640 422 683 Athenaeus
453 639 490 679 X
520 653 560 692 p.
592 639 678 680 424
695 653 741 680 a:
771 633 952 678 κύαθον
980 634 1008 677 ὃ
1027 632 1038 647 '
1068 634 1143 677 ἐπὶ
1168 632 1252 697 τοῦ
1279 628 1553 689 ἀντλητῆρος

72 715 128 745 ὲ-
150 706 404 765 ”Αρχιππος
430 702 614 762 Ἰχθύσι
652 707 852 750 Κύαθον
879 706 969 749 κτλ.
1034 709 1098 750 De
1126 707 1275 750 Daesia
1304 705 1372 748 vel
1400 706 1553 748 Daesio
1595 735 1601 738 -

64 782 318 837 poculorum
348 781 556 823 caelatore
586 782 689 824 nihil
723 781 891 822 aliunde
919 783 1093 821 constat.

757 894 870 935 XIV.

173 980 414 1022 Athenaeus
446 981 524 1023 Vll
556 994 595 1035 p.
627 980 775 1020 3310:
815 972 929 1018 ἀλλὰ
958 971 1065 1032 μήν,
1104 971 1298 1029 ἄνδρες
1336 968 1553 1028 ἰχθύες,

61 1047 179 1091 κατὰ
215 1046 293 1090 τὸν
323 1045 583 1104 ''Aega-mov
620 1046 877 1104 παρελίπετε
926 1077 978 1082 —
1027 1044 1130 1095 τοὺς
1168 1042 1378 1099 ὀρυκτοὺς
1420 1037 1555 1109 ι’χθῖς

57 1120 146 1165 κτλ.
206 1122 281 1163 crr
311 1122 420 1163 Hist.
459 1123 550 1163 crit.
582 1136 624 1176 p.
655 1123 754 1163 207.
823 1120 971 1162 Simile
1009 1119 1116 1160 illud
1158 1118 1332 1159 Luciani
1368 1117 1411 1157 iu
1454 1116 1555 1156 Iove

7 1207 9 1212 ·
60 1195 189 1248 Trag.
220 1193 300 1233 vol.
333 1193 372 1232 11
403 1207 444 1246 p.
476 1194 560 1233 658
602 1194 703 1234 deos
744 1191 1035 1246 compellantis
1073 1190 1214 1231 verbis
1244 1184 1400 1242 ἄνδρες
1430 1179 1552 1233 θεοί,

63 1270 106 1306 et
136 1264 343 1319 Athenaei
375 1264 432 1306 lv
462 1278 503 1317 p.
525 1265 604 1304 160
620 1267 658 1306 b.
688 1253 721 1303 ὦ
754 1259 912 1319 ἄνδρες
941 1260 1077 1313 κύνες,
1109 1263 1178 1303 ihr
1206 1261 1351 1302 Herm
1381 1256 1554 1298 Hunde.

761 1388 852 1428 XV.

174 1478 424 1520 Athenaeus
458 1477 536 1519 V11
567 1491 606 1531 p.
638 1478 782 1520 34:312:
830 1475 878 1518 ἐν
921 1477 1012 1525 τοῖς
1055 1471 1265 1531 Ἰχθύσιν
1298 1469 1558 1528 ”Αρχιππος

58 1546 118 1607 τῷ
148 1544 340 1604 δράματι
379 1543 437 1596 ιῦς
467 1543 709 1602 ὀψοφάγον
752 1543 892 1599 δήσας
923 1545 1208 1604 παραδίδωσι
1238 1548 1329 1594 τοῖς
1369 1539 1557 1599 ἰχθύσιν

60 1615 529 1675 ἀντιβρωθησόμενον.
590 1621 868 1671 Melantlnium
900 1622 1000 1661 dicit
1024 1625 1191 1674 poetam
1216 1619 1422 1673 tragicum
1453 1629 1558 1657 eun·

65 1692 245 1745 demque
273 1692 491 1733 lurconum
521 1694 766 1746 principem,
797 1693 849 1733 de
879 1706 960 1745 quo
991 1706 1030 1733 v.
1062 1693 1172 1734 Hist.
1203 1691 1293 1733 crit.
1318 1703 1360 1744 p.
1387 1689 1486 1729 206.

753 1807 868 1848 XVI.

174 1889 323 1930 Pollux
356 1890 433 1932 Vll
468 1889 541 1931 16:
572 1888 654 1942 τὴν
683 1884 1003 1946 ἀρτόπωλιν
1028 1889 1102 1930 καὶ
1134 1886 1216 1939 τὴν
1246 1899 1556 1928 παντοπω-

62 1957 194 2000 λίαν
222 1949 342 1999 εἶπεν
362 1954 617 2015 ”Αρχιππος
644 1960 691 2003 ἐν
717 1956 930 2016 Ἰχθύσιν.

740 2077 875 2119 XVII.

174 2165 322 2206 Pollux
352 2165 432 2208 Vll
463 2169 543 2209 28:
574 2163 829 2223 ’Ἄρχιππος
871 2166 917 2206 ἐν
953 2161 1165 2220 Ἰχθύσιν
1203 2163 1344 2217 εἴρηκε
1387 2177 1559 2204 νακο-

62 2248 87 2274 τ
99 2249 112 2274 ι
129 2233 152 2275 λ
165 2249 188 2275 τ
201 2248 224 2275 ο
236 2233 262 2275 ῦ
273 2248 333 2275 vr
345 2250 416 2283 ας.

733 2323 885 2364 XVlll.

178 2403 327 2443 Pollux
355 2403 394 2444 X
423 2405 502 2445 30:
542 2405 617 2446 καὶ
645 2402 895 2461 μυλήκορον
924 2401 982 2445 ἅν
1007 2418 1078 2464 ’τις
1108 2401 1219 2445 αὐτὸ
1249 2406 1374 2457 (scil.
1407 2401 1457 2444 τὸ
1487 2397 1560 2445 κό·

67 2486 188 2527 ρημα
227 2475 294 2514 vel
324 2470 622 2531 κάλλυντρον)
662 2477 877 2518 καλέσειε·
921 2473 995 2517 καί
1034 2490 1103 2516 τοι
1142 2478 1283 2531 σαφὲς
1321 2469 1391 2517 ὅτι
1429 2473 1560 2516 τοῦτο

65 2540 127 2601 τῷ
156 2539 326 2598 μύλωνι
355 2542 579 2601 προσήκει.
625 2543 727 2588 ἀλλ’
761 2540 880 2603 ὅμως
917 2544 1172 2604 ”Λρχιππος
1203 2546 1369 2603 εἴρηκεν
1397 2545 1444 2588 ἐν
1473 2543 1560 2601 Ἰχ-

66 2611 185 2665 θύσι
227 2613 341 2666 Τὴν
376 2614 585 2673 ἀγορὰν
613 2616 934 2677 μυληκόρῳ..
976 2621 1042 2662 Ad
1071 2622 1304 2662 sententiae
1340 2620 1559 2674 integrita-

67 2691 153 2729 tem
193 2688 344 2730 deesse
381 2690 554 2732 verbum
602 2687 844 2747 καθαίρειν
880 2693 944 2732 vel
985 2689 1198 2745 ἕκκορεῖν,
1242 2684 1436 2733 indicavit
1477 2692 1560 2736 iam

69 2758 427 2801 nemeterhusius.

1197 2834 1253 2872 46
1272 2836 1289 2853 *
