1716 3164
208 209 292 250 914
719 203 1157 248 ARISTOPHANES.

162 309 173 320 ”
209 319 292 360 fide
308 327 475 370 prorsus
500 315 690 369 indignus
705 319 767 356 est
784 315 1023 364 censendae,
1054 326 1145 355 cum
1161 314 1257 356 dicit
1270 316 1400 369 ipsum
1418 319 1658 373 Aristopha-

208 401 303 430 nem
331 388 410 427 hoc
439 386 578 426 drama
610 385 819 427 docuisse:
858 398 1032 437 namque
1072 397 1164 425 cum
1202 388 1459 438 cognovisset
1487 390 1581 430 inde
1611 391 1661 430 ab

209 455 462 498 LXXXVIII
499 455 526 495 4
571 455 886 507 Aristophanem
932 455 1053 495 etiam
1090 455 1223 507 ipsum
1263 454 1471 498 docendae
1499 459 1663 500 fabulae

208 526 427 566 discrimen
457 524 655 572 subiisse,
693 525 855 565 censuit
890 524 1006 564 illum
1043 525 1085 563 in
1114 524 1286 575 reliquis
1326 526 1551 566 comoediis
1581 541 1659 568 non

206 596 287 635 iam
331 593 503 646 amplius
544 594 721 634 alienam
758 606 924 646 operam
962 593 1179 633 ascivisse:
1231 593 1304 634 sed
1340 594 1449 633 illius
1489 595 1662 636 hominis

214 676 380 704 errores
409 663 590 703 refutare
620 662 722 702 nihil
751 663 917 702 attinet:
957 663 1053 715 quin
1082 663 1218 714 potius
1246 675 1422 714 sequar,
1459 663 1536 704 nisi
1573 665 1662 715 quis

207 733 368 773 idoneis
404 732 648 772 testimoniis
690 732 936 772 contrarium
973 732 1151 779 evincat,
1203 732 1354 772 veteris
1390 732 1500 772 illius
1529 746 1663 785 gram-

208 803 344 842 matici
382 802 686 850 auctoritatem,
724 801 792 852 qui
821 813 904 841 non
935 800 1107 840 obscure
1137 800 1360 851 significat,
1400 802 1660 842 Philonidem

207 870 351 918 fuisse,
375 870 441 909 cui
463 873 586 922 poeta
604 869 851 909 commiserit
874 869 980 908 hanc
1000 871 1266 911 comoediam.
1298 873 1351 911 Et
1373 871 1548 911 fortasse
1565 876 1662 911 tunc

209 941 384 992 primum
414 939 709 991 Aristophanes
737 938 890 979 socium
919 937 999 977 sibi
1028 937 1207 979 adiunxit
1238 940 1521 980 Philonidem:
1551 945 1663 980 certe

210 1010 354 1061 nequit
385 1007 680 1056 demonstrari,
711 1006 819 1059 quod
850 1018 972 1058 supra
1001 1019 1162 1058 quoque
1192 1009 1430 1061 significavi,
1459 1010 1538 1049 iam
1569 1014 1663 1050 ante

208 1078 326 1117 illum
354 1089 503 1116 annum
532 1077 642 1117 hunc
671 1078 721 1116 ab
734 1076 1006 1128 Aristophane
1037 1079 1209 1117 ascitum
1240 1091 1353 1119 esse:
1384 1082 1525 1118 auctor
1554 1079 1662 1118 enim

208 1147 316 1186 vitae
345 1158 437 1186 cum
467 1146 590 1185 dicit:
630 1142 685 1183 τὰ
712 1145 791 1198 μὲν
820 1142 970 1197 πρῶτα
1001 1142 1074 1182 διὰ
1105 1142 1439 1199 Καλλιστράτου
1467 1145 1543 1184 καὶ
1576 1145 1662 1185 Φι-

215 1211 403 1253 λωνίδου
431 1210 584 1253 καθίει
614 1209 840 1267 δράματα,
878 1226 1131 1265 nequaquam
1160 1215 1240 1254 hoc
1270 1214 1445 1254 dilucide
1473 1214 1662 1263 affirmat,

211 1288 307 1324 ante
333 1296 453 1335 quam
473 1284 644 1335 Equites
666 1283 847 1332 doceret,
863 1283 1172 1335 Aristophanem
1188 1287 1229 1323 et
1249 1284 1481 1323 Callistrato
1504 1289 1545 1323 et
1566 1283 1663 1323 Phi-

212 1354 353 1393 lonide
383 1365 500 1392 usum
531 1365 635 1401 esse,
665 1353 739 1393 sed
769 1365 888 1404 quam
919 1353 1156 1391 brevissime
1186 1353 1329 1404 potuit'
1348 1365 1435 1392 rem
1465 1354 1662 1405 exposuit,

211 1426 254 1463 et
282 1434 376 1462 cum
405 1422 484 1462 hoc
512 1422 745 1473 significare
772 1422 917 1470 vellet,
956 1421 1297 1473 Aristophanem,
1328 1433 1419 1462 cum
1448 1423 1563 1462 initio
1593 1435 1662 1461 ve-

210 1496 372 1532 reretur
399 1491 490 1543 ipse
519 1492 658 1531 drama
691 1491 861 1539 docere,
890 1489 1103 1543 alienaque
1130 1503 1210 1543 ope
1237 1491 1458 1540 niteretur,
1488 1492 1661 1543 primum

211 1561 343 1613 ipsum
372 1561 544 1612 Equites
573 1561 836 1609 commisisse,
867 1560 1002 1599 statim
1033 1559 1212 1600 adiunxit
1242 1560 1462 1600 Gallistrati
1492 1560 1662 1607 et—Phi-

211 1630 360 1670 lonidis
391 1630 577 1679 nomina,
614 1641 787 1681 quorum
815 1629 1053 1669 industriam
1084 1634 1126 1669 et
1156 1629 1339 1669 studium
1368 1629 1659 1680 Aristophanes

211 1698 447 1752 saepissime
475 1700 598 1739 etiam
626 1702 793 1751 postero
821 1702 1008 1751 tempore
1037 1698 1242 1739 adhibuitx
1279 1697 1507 1749 eodemque
1543 1702 1660 1750 pacto

211 1769 478 1822 intelligenda
507 1772 626 1817 sunt,
663 1779 767 1820 quae
796 1772 913 1808 vetus
940 1768 1013 1807 ille
1041 1767 1329 1820 grammaticus
1360 1767 1458 1806 dicit
1487 1781 1526 1819 p.
1555 1768 1658 1807 537:

208 1832 413 1888 Ἐδίὸαξε
443 1835 489 1876 δὲ
517 1834 692 1892 πρῶτον
720 1834 793 1876 ἐπὶ
821 1832 1028 1891 ἄρχοντος
1046 1833 1253 1889 Διοτίμου
1283 1832 1356 1874 διὰ
1379 1831 1659 1889 Καλλιστρά-

211 1918 310 1946 του·
349 1903 425 1953 τὰς
462 1906 542 1959 μὲν
579 1902 661 1961 γὰρ
698 1902 920 1953 πολιτικὰς
954 1902 1092 1961 τούτῳ
1130 1904 1271 1958 φασὶν
1312 1899 1448 1944 αὐτὸν
1476 1900 1660 1952 διδόναι,

210 1972 266 2014 τὰ
300 1974 348 2014 δὲ
388 1972 486 2015 κατ’
530 1971 771 2030 Εὐριπίδου
808 1973 882 2014 καὶ
918 1970 1173 2029 Σωκράτους
1215 1971 1460 2030 Φιλωνίδῃ·
1502 1971 1577 2013 διὰ
1610 1972 1658 2013 δὲ

210 2041 340 2084 τοῦτο
366 2043 455 2085 κτλ.
499 2046 737 2086 Philonides
765 2045 891 2098 igitur
919 2045 1057 2086 docuit
1082 2042 1226 2085 Nubes
1240 2043 1289 2091 I.,
1328 2042 1492 2096 Vespas,
1522 2044 1654 2084 Proa-

210 2127 372 2168 gonem,
400 2114 715 2167 Amphiaraum,
743 2113 903 2163 Ranae,
934 2118 975 2153 et
1005 2113 1114 2165 quod
1143 2112 1306 2163 quidem
1336 2117 1654 2154 consentaneum

211 2187 296 2234 est,
324 2183 423 2233 alias
452 2187 666 2236 praeterea
694 2195 745 2223 ex
772 2183 1066 2235 posterioribus
1095 2186 1243 2234 poetae
1272 2181 1434 2221 fabulis.

321 2253 507 2304 Namque
535 2252 724 2304 equidem
750 2251 934 2291 existimo
965 2250 1182 2291 admodum
1217 2261 1309 2289 raro
1339 2249 1471 2302 ipsum
1501 2248 1656 2288 Aristo-

212 2322 392 2375 phanem
421 2321 584 2362 fabulae
612 2320 820 2361 docendae
837 2321 1061 2372 periculum
1091 2318 1286 2359 subiisse:
1319 2324 1359 2358 et
1373 2318 1546 2370 primum
1565 2318 1654 2369 qui-

211 2390 306 2430 dem
344 2390 516 2442 Equites
552 2391 641 2443 ipse
677 2390 901 2438 commisit,
941 2389 993 2428 de
1030 2388 1176 2440 quibus
1214 2388 1295 2426 dixi
1329 2399 1470 2441 supra,
1508 2386 1656 2426 deinde

208 2459 374 2508 Pacem,
401 2461 481 2500 vid.
511 2460 672 2499 Didasc.
708 2452 910 2506 Ἐνίκησε
941 2455 986 2496 δὲ
1016 2454 1076 2512 τῷ
1104 2452 1295 2510 δράματι
1325 2452 1348 2494 ό
1378 2452 1558 2503 ποιητὴς
1585 2452 1656 2492 ἐπὶ

217 2522 239 2536 ’l

207 2539 413 2581 αρχοντσς
440 2523 663 2577 Ἀλκαίου,
691 2525 738 2566 ἐν
764 2522 899 2566 ἄστει.
930 2524 1098 2580 πρῶτος
1126 2521 1315 2572 Εὔπολις
1348 2520 1524 2571 Κόλαξι,
1553 2516 1652 2560 δεύ-

1707 875 1716 914 4

207 2609 327 2652 τερος
359 2591 777 2651 Ἀριστοφάνης
805 2589 988 2650 Εἰρήνῃ,
1018 2592 1159 2648 τρίτος
1187 2589 1364 2634 Λεύκων
1395 2586 1651 2644 Φράτερσιν.
1711 2629 1712 2632 ,

205 2667 262 2708 nt
289 2665 464 2707 fortasse
493 2667 613 2707 etiam
642 2666 812 2707 alteram
841 2666 989 2706 Pacem
1025 2665 1115 2717 ipse
1145 2664 1300 2711 docuit,
1338 2661 1538 2713 siquidem
1574 2660 1650 2700 ibi·
1710 2661 1712 2668 '

207 2736 301 2779 dem
337 2737 509 2790 legitur=
552 2734 739 2790 Φέρεται
775 2733 821 2776 ἐν
848 2733 943 2781 ταῖς
970 2729 1272 2779 διδασκαλίαις
1300 2731 1373 2770 καὶ
1402 2726 1550 2784 ἑτέραν
1579 2727 1647 2767 δε-
