1716 3158
273 196 383 239 1212
795 195 1204 240 ARlSTOPHANlS

881 306 1101 348 CLXXX!.

379 387 524 465 lffollux
554 387 609 429 1v
638 387 716 427 67:
757 358 1088 441 Καλαμίνην
1126 385 1350 446 σύριγγα
1388 392 1553 448 εἴρηκεν
1590 394 1712 455 Ἀρι..

270 468 504 511 στοφανης.

873 527 1113 569 CLXXXII.

374 607 519 647 Pollux
549 607 626 649 vn
657 607 758 647 1662
796 604 819 647 ὁ
860 603 901 646 δ’
940 604 1070 658 αὐτὸς
1100 606 1470 667 (Ἀριστοφάνης)
1501 613 1574 654 καὶ
1611 613 1706 656 κά-

265 686 433 728 μινον
463 673 763 727 βαλανείου
792 674 915 731 φησί.

860 789 1119 831 CLXXXIII.

371 870 544 910 Photius
573 884 612 924 p.
644 871 724 910 129
754 871 828 911 15:
868 866 1175 920 Κάνδυτος·
1217 869 1426 914 σκευασία
1469 870 1705 929 ὀψοποιική

260 935 371 991 μετὰ
397 934 607 990 γάλακτος
636 940 709 979 καὶ
739 938 916 987 στέατος
946 940 1018 979 καὶ
1048 939 1230 993 μέλιτος,
1268 938 1374 982 ἔνιοι
1405 941 1449 982 δὲ
1480 941 1552 982 διὰ
1580 944 1708 999 κρέως

261 1007 333 1048 καὶ
356 1004 491 1062 ἄρτου
519 1008 593 1047 καὶ
621 1005 765 1062 τυροῦ.
823 1003 956 1056 οὕτως
982 1005 1320 1063 Ἀριστοφάνης.
1377 1013 1508 1053 Recte
1533 1014 1707 1054 Dindor-

260 1079 339 1119 fius
375 1072 597 1125 κάνδυλος.
658 1079 750 1121 Vid.
781 1080 1011 1132 Hesychius
1053 1074 1298 1127 Κάνὸυλος·
1339 1077 1412 1119 διὰ
1449 1077 1597 1122 ἐλαίου
1632 1082 1707 1123 καὶ

259 1142 469 1198 γάλακτος
497 1146 571 1188 καὶ
601 1145 731 1199 τυροῦ
759 1146 832 1186 καὶ
860 1146 1030 1200 μέλιτος
1059 1146 1207 1202 πέμμα
1238 1144 1462 1201 ἐδώδιμον.

353 1313 356 1317 .
854 1259 1109 1301 CLXXXIV.

366 1341 511 1382 Poilux
542 1342 580 1382 11
610 1341 657 1380 4:
695 1338 1008 1394 Καρηβαρικὸν
1046 1338 1094 1380 τὸ
1131 1338 1281 1389 πάθος
1315 1337 1612 1392 Τηλεκλείδης,
1650 1341 1700 1383 τὸ

257 1407 303 1448 δὲ
344 1405 428 1449 ὑπὸ
474 1409 619 1462 μέθης
660 1410 921 1463 καρηβαρεῖν
969 1408 1311 1465 καρηβαριᾶν
1364 1407 1703 1465 Ἀριστοφάνης.

257 1479 366 1520 Olim
403 1481 557 1520 conieci
594 1480 700 1523 haec
729 1481 965 1531 perturbata
1004 1493 1113 1529 esse,
1152 1484 1194 1519 et
1223 1480 1538 1532 Aristophanem
1567 1493 1697 1533 καρη-

255 1543 456 1601 βαρικόν,
494 1549 747 1589 Teleclidem
789 1545 1063 1602 καρηβαριᾶν
1102 1549 1272 1597 dixisse,
1309 1548 1388 1588 vid.
1428 1550 1696 1591 Commentat.

254 1630 295 1670 p.
325 1617 421 1656 330.

857 1685 1092 1728 CLXXXV.

364 1769 593 1809 Scholiasta
625 1770 850 1822 Vesparum
883 1785 917 1809 v.
932 1771 1037 1809 288:
1059 1763 1241 1819 ’Ἔλεγον
1270 1766 1316 1806 δὲ
1344 1767 1418 1807 καὶ
1447 1764 1495 1807 τὸ
1525 1763 1699 1819 βλάψαι

251 1835 684 1892 καταχυτρίσαι,
719 1834 775 1884 ὠς
814 1834 996 1890 ἑτέρωθι
1030 1831 1371 1890 Ἀριστοφάνης.
1441 1837 1558 1878 Adde
1596 1837 1697 1889 Ety-

250 1902 346 1948 mol.
377 1908 436 1948 Μ.
467 1921 506 1960 p.
537 1909 618 1947 313
648 1908 723 1948 42:
765 1903 909 1958 ἔλεγον
949 1905 993 1944 δὲ
1032 1905 1106 1944 καὶ
1146 1903 1194 1945 τὸ
1235 1902 1407 1957 βλάψαι
1444 1901 1696 1958 καταχυτρί-

250 1987 348 2026 σαι,
376 1972 432 2023 ὥς
457 1971 794 2030 Ἀριστοφάνης.
871 1975 955 2016 Cfr.
988 1976 1108 2015 etiam
1139 1975 1283 2015 Suidas
1312 1975 1355 2015 in
1384 1972 1697 2029 ἐγχυτρὶστριαι

249 2053 291 2088 et
320 2047 446 2087 schol.
479 2045 660 2086 Platonis
690 2060 730 2098 p.
760 2046 855 2085 336.

842 2128 1098 2169 CLXXXVI.

358 2211 505 2252 Pollux
536 2212 574 2251 11
602 2210 681 2250 57:
712 2205 1110 2263 Καχύποπτος,
1140 2205 1196 2254 ὠς
1223 2200 1560 2261 Ἀριστοφάνης.

834 2320 1112 2362 CLXXXVII.

358 2404 654 2456 Harpocratio:
693 2401 1012 2449 Κελέοντες·
1044 2426 1098 2434 -
1125 2397 1277 2457 κυρίως
1305 2398 1415 2439 εἰσὶν
1444 2396 1486 2438 οἱ
1516 2392 1691 2438 ἱστόπο-

248 2471 328 2520 δες.
356 2469 416 2520 ὠς
441 2472 516 2512 καὶ
544 2467 651 2526 παρ’
683 2468 991 2526 Ἀριστοφάνει
1024 2468 1155 2520 δῆλον
1185 2467 1242 2525 τῷ
1271 2466 1452 2524 κωμικῷ.

824 2582 1122 2624 CLXXXVIII.

359 2663 529 2708 Pliotius
559 2678 599 2718 p.
631 2665 711 2707 168
742 2665 821 2707 12:
860 2663 903 2705 Κ
913 2661 1046 2712 λέος·
1086 2659 1165 2712 τὴν
1195 2658 1369 2716 φαύλην
1398 2653 1531 2708 δόξαν
1563 2653 1685 2713 Ἀρι-

246 2730 481 2790 στοφάνης,
