1716 3158
209 156 319 198 1⁰4⁰
725 154 1082 199 ARISTOI'HAN
1087 157 1135 199 IS

864 265 997 307 xxii.

271 346 370 400 «Εἰς
398 347 475 399 τὰς
503 349 684 406 τριήρεις
713 349 802 393 δεῖν
831 348 1024 394 ἀναλοῦν
1051 351 1190 393 ταῦτα
1219 351 1293 392 καὶ
1321 351 1375 392 τὰ
1403 351 1531 409 τείχη,

291 429 351 484 εἷς
379 427 446 475 οἷ’
479 431 670 475 ἀνάλουν
698 434 741 475 οἱ
769 433 852 491 πρὸ
881 435 959 477 τοῦ
987 434 1042 476 τὰ
1065 432 1285 490 χρήματα.

319 520 466 560 Suidas
495 533 532 560 v.
564 515 840 559 Ἀναλίσκειν
877 518 951 559 καὶ
988 517 1177 559 ἀναλοῦν
1216 517 1269 575 τῇ
1305 512 1521 574 αἰτιατικῇ
1559 513 1655 559 ἑκά-

207 602 309 643 τερα
339 615 395 622 —-
424 587 710 628 Δαιταλεῦσιν
737 583 813 636 Εἰς
836 615 891 622 --
920 586 1050 642 τείχη.
1087 588 1133 628 ἐν
1163 587 1208 628 δὲ
1237 587 1296 643 τῷ
1325 572 1654 641 παρεληλυθότι

207 658 281 698 καὶ
311 654 384 697 διὰ
414 655 491 697 τοῦ
519 657 545 707 ἦ
573 653 846 711 ἀδιαφόρως’
886 649 980 697 οἷον
1008 655 1262 708 ἀνήλισκον,
1302 657 1376 697 καὶ
1405 653 1653 698 ἀνάλισκον.

206 727 281 769 καὶ
310 716 469 774 αὖθις·
509 720 588 774 Εἰς
615 718 673 766 οἷ’
705 722 896 766 ἀνάλουν
924 725 1013 768 κτλ.
1081 730 1265 769 Alterum
1303 739 1465 779 quoque
1494 739 1656 767 versum

207 797 469 849 Aristophani
498 796 781 836 vindicandum
812 802 952 836 censet
983 797 1200 844 Porsonus,
1232 808 1350 847 quem
1379 800 1492 835 recte
1521 795 1658 846 sequi-

207 872 275 908 tur
303 866 557 907 Fritzschius
587 866 711 917 p.79,
741 870 782 905 at
810 879 891 906 non
921 867 1052 905 solum
1085 879 1134 905 ex
1163 866 1304 906 eadem
1335 865 1472 905 fabula
1501 864 1656 916 petitus

207 942 283 986 est,
314 949 392 988 qua
421 935 641 983 alter„sed
674 935 795 975 etiam
812 947 903 974 cum
934 935 1006 973 illo
1035 935 1258 974 arctissime
1287 934 1494 982 cohaeret,
1524 944 1658 984 neque

207 1006 315 1046 enim
353 1005 538 1043 trimeter
573 1003 769 1043 iambicus
807 1004 1006 1052 est,-sed
1035 1004 1171 1056 potius
1209 1006 1446 1041 tetrameter
1473 1002 1556 1041 fine
1584 1001 1657 1040 ille

206 1074 371 1126 quidem
401 1073 590 1112 orbatus:
614 1073 752 1124 itaque
782 1086 861 1113 non
893 1073 1071 1112 dubitavi
1095 1073 1198 1111 haec
1226 1071 1487 1122 coniungere.
1543 1070 1615 1110 Vs.
1633 1070 1655 1109 1

205 1143 358 1196 legitur
387 1139 456 1179 δεῖ
477 1136 546 1192 μ’,
577 1141 686 1192 quod
716 1154 795 1193 quo
824 1147 942 1193 pacto
973 1141 1062 1191 quis
1091 1141 1218 1192 possit
1248 1141 1398 1187 dicere,
1428 1138 1548 1190 plane
1576 1150 1658 1178 non

205 1212 403 1262 intelligo,
433 1210 577 1261 scripsi
605 1211 728 1262 igitur
760 1208 859 1259 δεῖν,
888 1210 967 1249 vid.
998 1209 1232 1261 Hesychius
1247 1207 1366 1247 Λεῖν·
1398 1204 1510 1249 δέον.
1549 1207 1654 1247 Gre-

205 1281 345 1334 gorius
376 1279 561 1319 Corinth.
593 1280 676 1319 Att.
701 1280 776 1319 72:
802 1274 1010 1318 Ἀττικὸν
1037 1304 1092 1312 —-
1122 1276 1211 1316 δεῖν
1240 1271 1340 1317 ἀντὶ
1368 1274 1445 1315 τοῦ
1474 1274 1585 1326 δέον,
1616 1279 1658 1316 et

205 1351 265 1391 sic
301 1349 443 1401 Lysias
484 1348 574 1389 adv,
605 1348 735 1388 Alcib.
767 1348 784 1387 I
815 1349 842 1387 7
871 1361 911 1400 p.
942 1348 1026 1387 285
1065 1348 1127 1387 ed.
1163 1349 1349 1387 Bekker:
1389 1341 1558 1392 Δειλίας
1596 1341 1656 1395 δέ,

206 1411 276 1458 ὅτι
305 1415 395 1455 δεῖν
429 1414 611 1455 ἕκαστον
640 1413 750 1467 μετὰ
790 1415 876 1455 τῶν
907 1412 1095 1455 ὁπλιτῶν
1123 1412 1407 1463 κινδυνεύειν,
1447 1411 1471 1453 ὁ
1501 1408 1551 1452 ‹5'
1584 1411 1659 1453 im-

205 1482 351 1527 πεύειν
388 1478 535 1524 εἵλετο.
604 1487 697 1526 Hoc
726 1490 861 1526 autem
905 1487 1171 1538 conqueritur
1207 1498 1351 1534 senex,
1391 1483 1499 1535 quod
1529 1482 1658 1523 Athe·

205 1557 368 1598 nienses
397 1558 553 1595 temere
583 1554 834 1607 profundant
864 1568 963 1608 opes
981 1556 1176 1608 publicas,
1207 1555 1366 1607 quibus,
1395 1553 1429 1593 si
1460 1553 1657 1592 maiorum

207 1625 393 1678 exempla
422 1625 537 1676 sequi
566 1625 739 1674 vellent,
777 1625 882 1663 muri
910 1625 1151 1664 restituendi
1181 1628 1223 1663 et
1260 1635 1381 1663 naves
1417 1633 1656 1672 comparan-

207 1695 285 1735 dae
315 1697 466 1742 essent,
505 1694 557 1734 de
588 1707 666 1746 qua
696 1693 991 1734 consuetudine
1027 1705 1237 1746 compares
1276 1691 1449 1732 maxime
1476 1689 1660 1741 inscript.

206 1764 315 1817 apud
337 1763 587 1803 Boeckhium
618 1763 635 1802 I
665 1776 704 1803 n.
727 1763 783 1802 76
811 1775 851 1815 p.
884 1762 990 1802 117:
1024 1757 1231 1801 Ἐπειὸὰν
1269 1757 1314 1799 δὲ
1352 1753 1654 1811 ἀποδεδόμενα

206 1822 234 1889 ᾗ
262 1832 352 1879 τοῖς
381 1831 506 1878 θεοῖς
533 1829 587 1870 τὰ
611 1826 836 1884 χρήματα,
874 1828 916 1878 ἐς
954 1827 1004 1871 τὸ
1035 1825 1211 1884 νεώριον
1238 1828 1312 1870 καὶ
1341 1826 1395 1868 τὰ
1424 1823 1540 1881 τείχη
1569 1826 1659 1874 τοῖς

207 1901 408 1958 περιοῦσι
433 1899 637 1956 χρῆσθαι
661 1896 894 1955 χρήμασιν.

857 1983 1013 2023 XXIII.

337 2050 526 2103 ’Έσειον,
557 2047 690 2108 ᾔτουν
715 2046 924 2104 χρήματ’,
952 2046 1171 2100 ἠπείλουν,
1199 2043 1537 2103 ἐσυκοφάντουν.

314 2138 488 2178 Photius
518 2149 558 2188 p.
577 2134 661 2175 505
690 2135 713 2174 1
746 2138 788 2174 et
817 2133 986 2174 Suidas:
1021 2131 1197 2173 Σεῖσαι·
1227 2128 1278 2172 τὸ
1306 2126 1656 2184 συκοφαντῆσαι.

202 2200 530 2261 Ἀριστοᾳάνης
545 2199 853 2244 Δαιταλεῦσιν·
874 2197 1053 2241 ’Έσειον
1081 2225 1136 2234 ·-
1159 2196 1484 2254 ἐσυκοφάντουν
1512 2194 1660 2240 πάλιν.

203 2277 410 2318 Brunkius
441 2279 482 2315 et
513 2275 720 2313 Porsonus
749 2267 957 2320 ἠπείλουν
985 2266 1150 2311 πάλιν
1174 2264 1531 2323 Ἐσυκοφάντουν
1558 2267 1661 2307 scri-

202 2348 317 2388 bunt.
385 2343 620 2384 Dindorfius
660 2341 818 2382 dubitat
850 2345 986 2395 utrum
1023 2332 1308 2393 ‘Aristophanis
1347 2339 1398 2380 sit
1436 2331 1569 2376 πάλιν
1607 2347 1660 2376 an

203 2413 470 2469 grammatici,
500 2412 569 2463 qui
592 2412 715 2450 alium
745 2413 959 2463 praeterea
989 2410 1274 2461 Aristophanis
1304 2419 1492 2455 versum,
1521 2416 1660 2444 exem-

204 2485 262 2538 pli
291 2483 423 2536 gratia
452 2481 549 2523 Pac.
565 2480 648 2520 640
677 2480 830 2520 addere
859 2479 1059 2518 voluerit:
1090 2491 1167 2530 ego
1193 2479 1312 2531 plane
1343 2475 1489 2522 delevi,
1519 2476 1657 2512 ortum

165 2589 175 2599 ,
204 2553 380 2600 arbitror
409 2563 459 2590 ex
487 2550 640 2590 ultimis
670 2548 836 2601 syllabis
863 2546 978 2587 verbi
1006 2542 1225 2595 ἠπείλουν.
1280 2546 1397 2586 Haec
1427 2546 1563 2582 autem
1592 2553 1659 2581 se-

204 2633 284 2662 nex
313 2620 413 2659 dixit
444 2618 495 2658 de
525 2618 724 2670 improbis
753 2615 1136 2667 calumniatoribus,
1177 2626 1350 2669 quorum
1380 2624 1526 2665 magna
1562 2614 1660 2651 tunc

205 2688 380 2733 Athenis
410 2691 498 2729 erat
527 2687 760 2729 multitudo.
1474 2687 1480 2689 “
