1716 3164
685 159 715 201 Ι
718 157 805 202 ἘΩ
818 157 968 204 ΡΓΟΙ.
1486 163 1571 204 985

93 293 162 323 sus
190 278 347 332 slmiles
375 277 617 317 comoediae
646 277 688 317 in
717 276 822 317 illud
854 275 1006 317 cadunt
1036 279 1223 327 tempus,
1259 275 1403 326 itaque
1432 275 1573 328 potius

93 350 314 391 referenda
354 354 418 388 est
456 347 596 387 rabula
635 348 686 386 ad
732 346 836 386 illud
887 351 1072 399 tempus,
1121 357 1202 397 quo
1245 345 1572 387 Niciasxcleoni

92 422 312 473 imperium
356 420 479 459 cessit
518 420 636 470 isque
674 417 960 469 Sphacteriam
1004 416 1263 468 expugnavit.
1337 416 1420 456 lam
1471 430 1572 456 vero

97 491 262 531 lsarcho
295 494 487 542 praetore
525 489 717 540 quoniam
748 487 1047 539 Aristophanes
1088 486 1190 524 duas
1221 486 1361 525 docuit
1399 486 1573 538 fabulas,

95 561 313 602 Holcades
346 565 387 599 et
416 558 560 600 Nubes
588 559 623 607 I,
654 558 754 597 item
785 557 948 597 Aminia
981 561 1173 609 praetore
1193 556 1348 609 Vespas
1379 563 1420 596 et
1441 558 1574 598 Proa-

96 646 268 686 gonem,
310 616 545 682 (nunquam
583 628 692 668 enim
724 633 809 667 tres
856 628 921 666 vel
953 629 1076 666 etiam
1117 627 1258 679 plures
1300 627 1461 668 fabulas
1491 641 1574 669 uno

98 715 206 742 anno
223 701 540 751 Aristophanem
573 699 763 738 docuisse
794 699 967 748 censeo)
999 710 1133 749 neque
1165 711 1262 736 vero
1294 698 1415 737 nimis
1446 700 1575 740 multo

99 776 191 824 post
226 771 336 809 illam
369 770 712 822 expugnationem
750 768 892 808 doceri
921 768 1054 820 potuit
1085 768 1190 807 haec
1228 769 1465 818 comoedia,
1508 784 1576 810 re-

101 843 191 882 fero
223 841 436 894 Agricolas
466 841 517 879 ad
549 840 716 892 Olymp.
741 838 996 879 Lxxxvlll
1026 838 1067 887 4,
1099 851 1180 890 quo
1211 851 1317 879 anno
1348 840 1576 882 Stratocles

100 920 267 967 praetor
295 912 374 951 fuit
404 911 784 962 Aristophanesque
814 909 987 961 Equites
1018 909 1194 948 Lenaeis
1233 909 1395 951 docuit:
1436 912 1577 965 itaque

99 983 322 1036 Agricolae
352 981 463 1020 docti
495 985 592 1021 sunt
621 980 780 1033 magnis
812 980 1018 1032 Dionysiis
1046 979 1089 1019 in
1114 979 1238 1020 urbe.

827 1103 858 1144 l.

302 1186 360 1229 A.
389 1182 564 1226 Ἕθέλω
593 1185 808 1241 γεωργεῖν.
865 1174 962 1225 εἶτα
993 1181 1058 1234 τίς
1086 1199 1140 1239 με
1169 1181 1345 1237 κωλύεις

296 1269 353 1312 Β.
382 1266 518 1325 ἡμεῖς.
579 1269 637 1313 Α.
667 1268 760 1311 ἐπεὶ
788 1267 948 1325 δίὸωμι
975 1268 1122 1325 χιλίας
1151 1267 1364 1326 δραχμάς,

294 1351 372 1396 ἐάν
398 1370 453 1410 με
483 1353 570 1396 τῶν
598 1351 743 1410 ἀρχῶν
772 1351 936 1411 ἄφῆτες
963 1354 1020 1398 Β.
1054 1351 1305 1410 δεχόμεθα·

294 1439 507 1496 δισχίλιαι
536 1436 620 1496 γάρ
649 1435 735 1481 εἰσι
766 1437 849 1481 σὺν
878 1440 973 1488 ταῖς
1004 1437 1178 1482 Νικίου.

211 1545 460 1587 Plutarchus
490 1546 562 1586 vit.
594 1545 739 1585 Niciae
768 1558 805 1585 c.
835 1546 886 1586 8:
927 1542 1024 1584 Καὶ
1059 1534 1192 1584 τοῦτο
1232 1541 1291 1599 τῷ
1327 1537 1467 1598 Νικίᾳ
1503 1556 1578 1595 με-

99 1608 239 1671 γάλην
266 1610 445 1668 ἤνεγκεν
468 1610 678 1666 ἀδοξίαν·
712 1610 766 1654 οὐ
791 1611 874 1670 γὰρ
905 1610 1094 1663 ἀσπίδος
1118 1613 1242 1670 ῥῖψις
1286 1607 1384 1652 ἀλλ’
1405 1609 1581 1667 αἴσχιόν

101 1698 144 1724 τι
166 1684 249 1734 ,καὶ
275 1686 420 1740 χεῖρον
456 1682 596 1725 ἐδόκει
634 1683 688 1742 τῇ
716 1681 859 1741 δειλία
897 1683 978 1736 τὴν
1021 1680 1295 1741 στρατηγίαν
1334 1679 1580 1727 ἀποβαλεῖν

102 1751 306 1803 ἑκουσίως
342 1755 417 1795 καὶ
456 1755 683 1811 προέσθαι
720 1754 779 1812 τῷ
816 1754 965 1812 ἐχθρῷ
992 1752 1251 1806 τηλικούτου
1279 1749 1580 1808 κατορθώμα-

101 1839 176 1874 τος
205 1822 426 1881 ἀᾳορμήν,
453 1823 591 1867 αὑτὸν
619 1823 1078 1880 ἀποχειροτονήσαντα
1109 1825 1186 1875 τῆς
1215 1821 1363 1879 ἀρχῆς.
1393 1821 1582 1865 σκώπτει

102 1893 153 1936 δ’
187 1892 325 1937 αὐτὸν
364 1893 424 1946 εἰς
461 1895 603 1938 ταῦτα
645 1892 780 1937 πάλιν
817 1893 1151 1952 Ἀριστοφάνης
1194 1895 1242 1936 ἐν
1269 1897 1350 1950 μὲν
1372 1891 1581 1950 ἼΙρνισιν

101 1960 216 2008 οὕτω
260 1983 351 2018 πως
397 1967 534 2021 λέγων
569 1994 624 2002 —-
665 1966 710 2007 ἐν
753 1965 799 2006 δὲ
835 1968 1048 2024 Γεωργοῖς
1087 1965 1228 2007 ταῦτα
1266 1961 1472 2020 γράφων·
1519 1965 1578 2008 A.

98 2035 275 2079 Ἐθὲλω
304 2040 518 2093 γεωργεῖν.
576 2038 633 2082 Β.
671 2029 766 2079 εἶτα
796 2053 862 2087 τις
892 2052 939 2079 σε
970 2035 1138 2080 κωλύει.
1196 2036 1256 2080 A.
1282 2033 1455 2090 ‘Ypm‘g-
1487 2035 1581 2077 ἐπεὶ

101 2106 262 2162 δίδωμι
297 2109 388 2152 κτλ.
457 2112 527 2152 Sic
566 2112 690 2165 vulgo
733 2112 922 2152 scribunt:
963 2116 1005 2151 et
1035 2109 1223 2152 dividunt
1252 2109 1344 2157 illa,
1386 2113 1428 2148 at
1466 2114 1581 2149 certo

103 2183 365 2222 scribendum
398 2187 529 2223 esset:
567 2179 633 2222 B.
658 2171 754 2221 εἶτα
783 2177 849 2228 τίς
880 2193 928 2220 σε
958 2176 1124 2220 κωλύει.
1186 2178 1243 2220 Α.
1278 2174 1450 2230 “Υμεῖς,·
1490 2177 1584 2218 ἐπεὶ

102 2250 192 2291 κτλ.
254 2257 299 2291 ut
338 2253 444 2292 haec
482 2257 594 2293 esset
630 2253 862 2292 sententia:
901 2253 966 2292 Ac
1004 2252 1161 2304 aliquis
1201 2250 1277 2290 hoc
1318 2254 1449 2289 vetat.
1509 2250 1583 2289 An

102 2322 207 2360 vos?
236 2320 320 2360 Sed
344 2321 544 2373 impedita
571 2322 677 2361 haec
698 2326 762 2360 est
778 2322 898 2370 ratio,
923 2322 1064 2372 itaque
1079 2321 1139 2373 μὲ
1171 2326 1212 2360 et
1243 2315 1405 2371 ἡμεῖς
1436 2319 1581 2372 scripsi
1613 2315 1616 2317 ’

103 2391 306 2444 aliterque
336 2393 460 2432 verba
491 2391 692 2432 distribui.
751 2391 931 2443 Flagitat
971 2391 1081 2431 enim
1112 2391 1316 2444 agricola,
1357 2393 1404 2429 ut
1433 2403 1583 2431 munus

106 2461 184 2502 sibi
211 2462 446 2514 impositum
478 2463 680 2514 abrogent
704 2473 834 2513 seque
863 2474 887 2501 a
917 2461 1015 2501 belli
1046 2462 1254 2501 laboribus
1272 2446 1416 2513 procul
1446 2473 1583 2502 remo-

106 2536 252 2581 veant,
292 2533 389 2584 quin
423 2533 544 2572 etiam
575 2533 690 2572 mille
721 2532 937 2572 drachmas
965 2533 1158 2573 lubenter
1187 2546 1233 2572 se
1262 2532 1426 2572 solvere
1454 2533 1583 2584 profi-

29 2637 42 2642 -
105 2607 231 2652 tetur,
260 2603 302 2642 id
332 2603 367 2642 si
398 2604 483 2643 fiat.
541 2605 738 2644 Ceterum
768 2603 944 2643 difficile
974 2604 1086 2644 dictu
1117 2608 1192 2652 est,
1225 2615 1422 2655 quorsum
1451 2604 1582 2655 perti-

107 2677 202 2712 neat
236 2674 307 2713 illa
345 2675 533 2727 pecunia.
605 2676 660 2715 Et
697 2674 834 2715 Carol.
872 2673 1037 2726 quidem
1080 2675 1344 2715 Hermannus
1381 2674 1435 2713 de
1471 2687 1581 2727 pers.

107 2743 196 2784 Nic.
227 2757 267 2797 p.
296 2745 325 2784 8
361 2750 476 2786 recte
516 2745 679 2786 videtur
715 2757 917 2798 negasse,
958 2743 1064 2787 haec
1102 2745 1156 2787 de
1185 2745 1314 2786 multa
1343 2744 1480 2797 aliqua
1519 2744 1582 2784 in·
