1716 3164
218 154 329 219 1'110
740 150 1154 216 ARlsToPHANts

329 279 410 323 κᾶν
439 278 528 323 τιν’
561 278 705 323 αὐτῶν
734 280 842 339 γνῷς
870 279 1119 338 ἀπράγμον’
1151 281 1256 325 ὄντα
1285 288 1357 327 καὶ
1386 283 1592 342 κεχηνότα

327 351 584 405 καταγαγών
612 351 656 392 ἐκ
688 350 966 418 Χερροννὲσου
996 352 1220 407 διαλαβών
1250 353 1492 412 ἠγκύρισας,

326 418 406 463 εἰτ’
438 419 719 476 ἀποστρέψας
747 422 824 463 τόν
850 419 973 477 ῶμον
1003 419 1138 464 αὑτὸν
1165 423 1497 475 ἐνεκολήβασας·

326 493 401 533 καὶ
430 492 600 539 σκοπεῖς
629 506 674 544 γε
704 492 789 532 τῶν
818 494 1006 534 πολιτῶν
1036 487 1156 542 ὅστις
1185 492 1304 535 ἐστὶν
1331 492 1529 548 ἀμνοκῶν

329 559 532 609 πλούσιος
561 561 634 600 καὶ
661 559 722 615 μὴ
753 562 940 618 πονηρὸς
969 564 1041 603 καὶ
1073 563 1238 618 τρέμων
1266 562 1320 604 τὰ
1350 561 1598 616 πράγματα.

218 633 381 686 insigne
408 633 636 684 exemplum
667 633 789 674 huius
818 636 879 674 rei
910 635 1144 687 suppeditat
1172 620 1308 676 fabula
1326 637 1566 687 vesparum,
1595 634 1664 674 ubi

216 704 346 744 Cleon
386 703 610 742 Lachetem
646 703 776 742 virum
820 705 992 755 probum
1031 709 1072 744 et
1109 705 1274 744 divitem
1322 706 1362 744 in
1401 706 1464 744 ius
1501 716 1666 744 vocasse

216 773 365 814 dicitur
395 785 430 813 v.
460 772 544 811 894
573 784 661 823 sqq.
692 784 812 823 quem
842 772 976 813 locum
1005 775 1102 814 satis
1131 775 1334 814 illustrant
1363 788 1432 823 ea,
1473 787 1576 825 quae
1605 773 1665 812 le-

214 845 366 895 guntur
402 854 525 893 supra
565 855 600 882 v.
631 842 731 881 240.
807 843 896 882 Hos
942 843 1067 894 igitur
1102 844 1412 884 calumniatores
1449 854 1665 895 aggressus

215 916 279 952 est
316 910 610 962 Aristophanes
647 911 843 963 peculiari
884 911 1022 952 fabula
1059 915 1179 960 (nam
1216 914 1268 954 de
1305 914 1460 953 duabus
1497 923 1665 965 prorsus

217 980 386 1021 diversis
423 980 645 1020 comoediis
681 981 794 1032 loqui
835 982 1174 1034 Aristophanem,
1214 996 1334 1022 nemo
1375 996 1454 1023 non
1485 981 1665 1022 animad-

214 1055 370 1099 vertet,
400 1050 469 1101 qui
498 1050 726 1090 accuratius
756 1051 858 1091 haec
886 1052 1009 1091 verba
1039 1053 1405 1103 consideraverit),
1442 1064 1561 1104 quam
1591 1052 1664 1090 do·

214 1121 299 1161 cuit
327 1119 471 1159 eodem
504 1131 623 1168 anno,
653 1131 732 1170 quo
749 1120 901 1169 Nubes,
932 1122 1005 1160 sed
1036 1122 1172 1173 paullo
1202 1122 1328 1173 prius.
1387 1122 1528 1161 Nubes
1557 1120 1665 1159 enim

216 1202 308 1231 cum
347 1189 534 1228 docuerit
573 1189 771 1228 archonte
800 1189 966 1229 lsai-cho
999 1190 1161 1242 Olymp.
1194 1190 1401 1231 LXXXlX
1433 1191 1471 1239 1,
1510 1189 1665 1241 magnis

214 1258 433 1312 Dionysiis²
459 1258 643 1310 sequitur
672 1270 765 1298 eum
794 1258 900 1300 hanc
929 1258 1107 1299 fabulam
1139 1260 1327 1300 docuisse
1352 1260 1526 1300 Lenaeis
1557 1259 1664 1298 eius-

215 1331 310 1372 dem
339 1329 456 1370 anni:
484 1328 565 1368 iam
594 1340 692 1367 vero
721 1328 791 1368 illo
822 1341 926 1369 anno
956 1329 1267 1371 calumniatores
1296 1329 1365 1369 isti
1395 1334 1664 1381 opportunam

214 1403 331 1443 erant
359 1400 614 1441 occasionem
643 1400 773 1447 nacti,
802 1411 881 1450 qna
910 1399 1004 1438 lites
1033 1411 1152 1451 quam
1181 1399 1364 1451 plurimis
1392 1398 1665 1439 intenderent.

215 1472 320 1513 eum
348 1470 457 1510 enim
485 1467 681 1509 frumenti
708 1468 869 1520 largitio
899 1468 1051 1520 populo
1081 1469 1231 1508 viritim
1260 1468 1529 1508 tribueretur.
1560 1467 1665 1506 mul-

213 1543 282 1581 tae
310 1539 405 1583 lites
433 1539 720 1579 exoriebantur
748 1542 884 1577 utrum
913 1550 1130 1590 germanus
1145 1538 1234 1591 quis
1256 1541 1365 1579 esset
1390 1539 1488 1579 civis
1510 1549 1663 1577 necne:

213 1610 257 1651 id
285 1609 394 1662 quod
423 1608 553 1660 tangit
579 1607 872 1659 Aristophanes
901 1607 942 1647 in
973 1607 1118 1659 Vespis
1146 1620 1182 1647 v.
1213 1608 1318 1648 735:

269 1674 400 1718 Ἀλλ’
430 1673 601 1717 ὁπόταν
627 1676 708 1728 μὲν
738 1671 921 1716 ὄείσωσ’
951 1672 1078 1715 αὐτοὶ
1108 1673 1189 1725 τὴν
1215 1673 1407 1728 Εὔβοιαν
1436 1669 1637 1715 διδόασιν

266 1745 370 1802 ὑμῖν
397 1746 473 1787 καὶ
502 1746 624 1787 σῖτον
652 1742 920 1801 ὑᾳίστανται
947 1743 1058 1785 κατὰ
1087 1742 1352 1795 πεντήκοντα
1381 1744 1614 1798 μεδίμνους

269 1817 456 1872 ποριεῖν·
489 1813 652 1857 ἔδοσαν
689 1813 736 1855 δ’
767 1811 994 1856 οὐπώποτέ
1022 1828 1094 1855 σοι
1120 1815 1235 1865 πλὴν
1263 1811 1410 1870 πρώην
1439 1815 1562 1855 πέντε
1586 1827 1664 1868 με-

986 1883 1166 1938 δίμνους

270 1956 346 1998 καὶ
393 1953 534 1996 ταῦτα
577 1952 702 2009 μόλις
738 1950 879 2006 ξενίας
925 1951 1095 2010 φεύγων
1141 1952 1292 2008 ἔλαβες
1333 1952 1444 1996 κατὰ
1480 1951 1667 2007 χοίνικα,

990 2023 1173 2078 κριθῶν.

217 2098 263 2140 ld
294 2097 402 2137 enim
430 2094 582 2134 factum
622 2107 715 2134 esse
750 2107 856 2134 anno
886 2098 982 2134 ante
1013 2095 1168 2146 Vespas
1197 2098 1305 2134 actas
1340 2094 1584 2145 intelligitur
1613 2106 1662 2133 ex

215 2167 459 2209 scholiastae
483 2165 664 2216 quamvis
692 2166 865 2205 obscuro
895 2167 936 2203 et
966 2163 1136 2204 confuso
1166 2164 1418 2205 testimonio:
1455 2159 1664 2202 Τοιοῦτόν

216 2235 356 2286 ἐστιν,
390 2229 588 2288 παρόσον
630 2231 677 2272 ἐν
712 2234 806 2280 ταῖς
844 2229 1076 2285 διανομαῖς
1111 2230 1198 2272 τῶν
1238 2230 1385 2286 πυρῶν
1419 2229 1662 2282 ἐξετάζοντα

216 2304 374 2360 πικρῶς
401 2304 443 2344 οἱ
473 2303 567 2343 τότε
598 2301 773 2343 πολῖται
800 2303 874 2343 καὶ
901 2299 984 2356 μή,
1013 2295 1123 2344 ιδ’στε
1154 2301 1296 2342 δοκεῖν
1323 2300 1465 2353 ξενίας
1492 2299 1664 2356 φεύγειν

216 2371 276 2424 εἰς
303 2372 446 2429 κρίσιν
471 2372 840 2426 καθισταμένους.
899 2373 1038 2427 φησὶν
1067 2363 1145 2413 οὗν
1174 2369 1198 2412 ὁ
1232 2367 1488 2425 Φιλόχορος,
1525 2362 1663 2420 αὖθις

218 2447 319 2488 ποτὲ
347 2441 710 2498 τετρακισχιλίους
739 2440 1021 2491 ἑπτακοσίους
1051 2440 1251 2494 ἑξήκοντα
1275 2437 1482 2494 ὀφθῆναι
1501 2455 1662 2495 παρεχ-

217 2511 432 2570 γράφους,
471 2509 677 2567 καθάπερ
712 2513 758 2552 ἐν
793 2510 847 2569 τῇ
882 2513 1136 2569 προκειμένῃ
1164 2510 1271 2562 λέξει
1299 2508 1538 2559 δεδήλωται
1563 2510 1663 2566 περὶ

218 2583 299 2634 τὴν
327 2579 540 2635 Εὔβοιαν.
597 2579 793 2624 Δύναται
829 2582 903 2623 καὶ
938 2579 1050 2622 αὐτὰ
1088 2578 1294 2636 συνᾴδειν
1329 2582 1424 2629 ταῖς
1452 2579 1661 2621 διδασκα-

219 2652 345 2702 λίαις.
403 2651 556 2708 πέρυσι
583 2650 666 2708 γὰρ
694 2651 765 2692 ἐπὶ
792 2648 998 2706 ἄρχοντος
1031 2649 1235 2705 Ἰσάρχου
1267 2648 1556 2708 ἐστράτευσαν
1589 2646 1659 2692 ἐπ’

219 2719 382 2775 αὐτήν,
421 2718 478 2770 ῶς
511 2719 762 2778 Φιλόχορος.
819 2725 927 2766 Sane
955 2725 1058 2766 haec
1087 2725 1185 2766 satis
1214 2725 1384 2766 obscura
1424 2727 1465 2764 et
1501 2728 1662 2776 pertur-
