1716 3164
574 197 1025 243 ARISTOPHANES.
1456 195 1542 236 ⁹2?

67 317 164 363 υἱὸν
199 312 337 358 αὑτοῦ
376 311 598 365 συστῆσαι
636 308 868 370 ’Λραρότα
904 312 997 363 τοῖς
1031 310 1223 359 θεαταῖς
1258 304 1541 363 βουλόμενος,

64 387 119 432 τὰ
155 384 376 430 ὑπόλοιπα
417 381 498 426 δύο
532 380 599 426 δι’
632 382 798 425 ἐκείνου
836 382 1032 436 καθῆκε,
1069 378 1288 424 Κώκαλον
1324 379 1400 422 καὶ
1428 376 1540 422 Αἰο-

62 457 294 503 λοσίκωνα.
337 462 392 501 Et
421 456 710 512 grammaticus
739 457 813 497 ilie
842 457 896 497 de
925 457 1163 498 comoedia:
1191 450 1341 494 ἔπειτα
1370 448 1432 510 τῷ
1460 448 1541 510 υἱῷ

61 529 211 573 ἐδίδου
255 527 309 570 τιὶ
363 523 590 584 δράματα,
636 527 857 568 scholiasta
914 527 1099 568 Platonis
1136 526 1312 579 Apolog.
1352 538 1394 578 p.
1430 524 1536 566 3312

67 602 190 657 Τρεῖς
220 596 272 640 δ’
307 589 422 653 εἶχεν
450 593 592 648 υἱούς,
629 594 879 646 Φίλιππον,
919 593 999 636 τὸν
1038 596 1130 645 τοῖς
1168 590 1400 648 Εὐβούλου
1430 589 1541 649 δρά-

63 685 204 728 μασιν
246 665 598 725 ἇγωνισάμενον,
634 666 710 707 καὶ
744 662 977 722 Ἀραρότοι
1006 662 1136 715 ἰδίοις
1164 679 1211 707 τε
1238 664 1312 706 καὶ
1342 662 1424 705 τοῦ
1452 678 1540 705 πα.

64 741 166 799 τρός
194 737 414 798 δράμασιν
444 737 802 792 διηγωνισμένον,
833 751 942 792 quae
967 738 1158 792 profecto
1187 738 1348 780 nullum
1377 737 1539 778 dubita-

67 816 173 857 tioni
202 815 337 855 locum
366 812 620 863 relinquunt.

175 887 235 927 Ac
262 896 371 924 nunc
399 882 564 922 demum
594 879 771 933 intelligi
797 883 947 933 potest,
979 893 1054 922 cur
1082 883 1165 920 tam
1197 879 1418 933 diligenter
1446 879 1540 919 ubi-

4 944 6 954 l
66 968 146 1008 que
177 959 336 995 veteres
365 952 623 1006 grammatici
653 950 695 990 in
726 953 980 1003 argumentis
1010 951 1437 1000 commemoraverint,
1467 962 1539 991 cu-

60 1027 126 1066 ius
156 1025 323 1065 nomine
353 1023 653 1076 Aristophanes
682 1020 864 1062 fabulam
906 1022 1118 1063 docuerit:
1157 1021 1311 1062 etenim
1354 1021 1395 1061 in
1433 1020 1538 1061 anti·

61 1095 152 1148 quis
182 1095 265 1135 illis
294 1094 606 1134 didascaliarum
638 1093 939 1142 monumentis,
978 1105 1085 1145 quae
1123 1092 1351 1145 collegerat
1378 1091 1539 1132 Aristo-

63 1166 184 1214 teles,
214 1164 297 1204 fuit
325 1177 477 1205 nomen
512 1166 599 1205 eius
631 1164 851 1217 scriptum,
882 1165 953 1217 qui
982 1177 1006 1204 a
1035 1167 1230 1217 praetore
1259 1162 1433 1202 chorum
1461 1163 1540 1202 im-

63 1238 298 1289 petraverat
337 1233 602 1287 fabulamque
643 1235 866 1286 docuerat,
908 1236 993 1276 aive
1022 1235 1057 1275 is
1086 1246 1234 1274 revera
1263 1237 1408 1273 auctor
1437 1235 1540 1282 erat,

63 1307 150 1347 sive
178 1305 282 1345 alius
313 1306 404 1357 quis
436 1312 584 1359 poeta:
614 1307 752 1358 itaque
783 1311 944 1346 veteres
971 1305 1243 1359 grammatici,
1273 1303 1437 1356 quando
1467 1316 1540 1344 an-

63 1389 174 1425 num,
206 1389 287 1427 quo
309 1377 444 1427 aliqua
467 1377 682 1416 comoedia
713 1377 836 1416 docta
867 1382 942 1426 est,
974 1376 1191 1424 definiunt,
1221 1375 1379 1415 addunt
1408 1385 1541 1413 suone

63 1460 114 1487 an
144 1447 279 1487 alieno
309 1447 477 1486 nomine
506 1451 630 1498 poeta
660 1447 774 1486 illam
806 1447 995 1486 docuerit
1026 1446 1222 1494 fabulam,
1254 1445 1448 1498 quoniam
1478 1443 1540 1484 sic

63 1517 228 1558 demum
260 1518 330 1570 qui
360 1518 553 1557 evolvere
578 1517 744 1557 volebat
761 1517 1075 1558 didascaliarum
1105 1518 1251 1566 libros,
1282 1516 1538 1557 notationem

62 1589 249 1641 reperire
284 1588 440 1641 potuit:
481 1588 538 1627 ita
580 1593 642 1628 est
680 1588 790 1641 apud
821 1588 1080 1629 Athenaeum
1112 1588 1148 1629 V
1177 1601 1219 1641 p.
1250 1587 1335 1627 216
1368 1587 1427 1626 D:
1464 1582 1539 1624 ἐπὶ

0 1660 1 1705 ἒ
63 1656 221 1700 τούτου
249 1655 598 1713 (Ἀριστίωνος)
629 1654 820 1706 Εὔπολις
849 1657 928 1697 τὸν
960 1653 1222 1698 Αὐτόλυκον
1251 1650 1435 1707 διδάξας
1464 1652 1540 1694 διὰ

67 1725 386 1784 Δημοστράτου
422 1725 614 1782 χλευάζει
652 1726 733 1779 τὴν
770 1725 895 1778 νίκην
925 1726 1005 1768 τοῦ
1033 1723 1305 1769 Αὐτολύκου.
1375 1732 1538 1768 temere

0 1803 1 1812 ³
65 1802 147 1842 hoc
175 1802 395 1842 adiecisset
423 1800 683 1850 Athenaeus,
720 1801 754 1840 si
783 1800 928 1840 histrio
959 1800 1184 1853 primarum
1214 1799 1392 1853 partium
1429 1798 1537 1839 fuis-

65 1877 130 1913 set
158 1873 458 1921 Demostratus,
485 1876 525 1910 at
548 1872 740 1923 quoniam
770 1871 812 1911 in
844 1870 1076 1911 didascaliis
1105 1865 1421 1924 Δημόστρατος
1441 1865 1537 1909 Αὐ-

62 1937 249 1998 τολύκῳ,
282 1955 417 1995 neque
447 1955 544 1982 vero
573 1936 767 1989 Εὔπολις
795 1936 1036 1996 Αὐτολύκῳ
1065 1942 1265 1995 scriptum
1295 1945 1408 1991 erat,
1436 1941 1536 1982 satis

63 2014 364 2066 circumspecte
402 2013 487 2065 egit
523 2014 827 2065 grammaticus.
897 2012 984 2067 lam
1036 2024 1136 2053 vero
1172 2012 1535 2066 grammaticorum

64 2089 252 2124 veterum
291 2083 471 2125 studium
503 2087 546 2124 et
574 2084 772 2124 sedulitas
802 2083 843 2124 in
869 2084 949 2124 hac
977 2084 1067 2137 ipsa
1091 2096 1139 2123 re
1169 2088 1232 2123 est
1262 2087 1449 2133 versata,
1487 2087 1535 2123 ut

64 2155 386 2208 investigarent,
425 2154 517 2206 quis
555 2156 756 2207 cuiusque
796 2154 963 2195 fabulae
993 2158 1138 2195 auctor
1168 2159 1279 2195 esset
1304 2153 1534 2203 habendus,

64 2237 171 2278 quae
200 2226 461 2277 quaestiones
495 2238 586 2266 cum
616 2229 757 2266 essent
786 2225 1078 2274 difficillimae,
1116 2229 1160 2265 et
1198 2225 1242 2265 in
1281 2237 1429 2276 magna
1459 2224 1534 2263 ob-

64 2297 262 2336 scuritate
305 2299 588 2343 versarentur,
633 2309 780 2347 graves
828 2301 925 2335 sunt
962 2300 1130 2334 exortae
1166 2295 1442 2334 dubitationes
1480 2294 1535 2334 de

63 2365 203 2405 multis
238 2364 411 2404 fabulis:
451 2376 627 2415 namque
665 2377 746 2405 non
775 2365 910 2405 solum
941 2365 1132 2416 antiquae
1162 2364 1402 2404 comoediae
1432 2376 1532 2417 poe-

64 2438 153 2483 tae,
191 2434 264 2474 sed
295 2434 416 2474 etiam
447 2439 590 2486 postea
620 2435 690 2487 qui
734 2435 910 2475 mediam
954 2435 1288 2484 illustraverunt,
1328 2447 1530 2487 saepenu-

65 2516 181 2544 mero
219 2504 311 2544 aliis
345 2504 556 2545 docendae
591 2505 758 2545 fabulae
796 2507 1007 2559 negotium
1037 2505 1356 2555 mandaverunt,
1391 2505 1531 2558 itaque

63 2572 218 2616 factum
250 2577 324 2623 est,
354 2581 399 2615 ut
423 2565 554 2628 'saepe
584 2577 665 2617 duo
696 2581 834 2618 tresve
863 2577 1036 2617 alicuius
1067 2576 1310 2616 comoediae
1339 2581 1530 2617 auctores

66 2655 91 2682 a
117 2645 392 2695 grammaticis
422 2647 765 2699 perhiberentur:
795 2648 869 2689 sed
899 2647 996 2690 noio
1024 2647 1130 2687 haec
1159 2659 1269 2689 nunc
1297 2646 1526 2687 accuratius

66 2717 331 2765 pertractare.

176 2783 328 2827 Verum
358 2798 410 2827 ne
438 2785 541 2827 illud
557 2786 724 2841 quidem
740 2787 1013 2830 demonstrari
1030 2790 1170 2841 potest
1198 2787 1418 2841 locupletis
1449 2787 1523 2828 ali-
