1716 3164
201 161 310 204 im
372 130 1036 204 surrnsmmwsanaer.
1060 158 1482 204 aa=nrrsron¹AM

201 274 335 326 ginta,
382 270 502 312 sicuti
537 269 667 310 ret’ert
703 269 944 310 Callimacus
980 269 1135 309 aulicus
1175 269 1331 323 Regius
1377 274 1642 313 bibliotheca-

200 343 303 390 rius,
342 342 411 393 qui
451 340 571 380 etiam
607 337 778 390 singulis
807 338 1079 379 voluminibus
1108 339 1248 379 titulos
1276 340 1491 393 inscripsit.
1548 342 1645 382 Fuit

199 414 412 464 praete-lea
454 408 523 460 qui
561 407 671 446 idem
714 413 920 447 asseveret
958 408 1254 448 Eratosthenes
1299 422 1377 448 non
1421 412 1477 450 ita
1516 412 1644 451 multo

199 484 292 532 post
344 478 525 519 eiusdem
581 480 717 516 custos
770 476 1053 516 bibliothecae.
1128 476 1232 516 haec
1287 483 1422 517 autem
1477 479 1643 519 fuerunt
1704 475 1711 498 ³

200 548 379 589 omnium
409 548 591 601 gentium
620 546 670 586 ad
700 545 927 597 linguarum
957 559 1060 597 quae
1090 546 1240 585 habere
1270 547 1401 597 potuit
1431 547 1548 587 docta
1576 553 1646 587 vo-

198 617 365 666 lumina,
395 629 500 669 quae
529 627 685 656 summa
715 614 923 667 diligentia
949 615 1037 654 Rex
1066 615 1135 654 ille
1164 615 1205 654 in
1234 627 1347 655 suam
1379 616 1555 668 linguam
1583 616 1646 656 fe·
1709 605 1711 611 ⁴

199 686 254 725 cit
292 687 343 725 ab
381 686 545 738 optimis
585 683 878 735 interpretibus
915 683 1111 723 converti.
1179 682 1373 724 Ceterum
1414 685 1645 725 Pisistratus

197 766 378 807 sparsam
419 755 532 807 prius
579 751 747 792 Homeri
791 751 945 803 poesim
996 756 1090 791 ante
1136 752 1413 793 Ptolemaeum
1450 754 1648 806 philadel-

195 823 320 876 phum
350 823 464 863 annis
493 820 823 860 ducentiseteo
853 820 975 859 etiam
1004 821 1177 872 amplius
1206 822 1361 861 sollerti
1403 835 1499 863 cura
1528 824 1569 862 in
1599 837 1647 863 ea

1702 403 1709 470 ..lws-
1697 294 1716 397 ..κω-94,-
1702 282 1703 286 „
1698 229 1699 232 Α

198 904 303 944 quae
333 903 441 931 nunc
471 894 609 930 extant
637 888 802 940 redegit·
828 888 1052 937 volumina,
1092 901 1189 930 usus
1225 891 1276 930 ad
1306 892 1384 931 hoc
1413 903 1515 943 opus
1545 892 1645 930 divi-
1699 908 1704 910 ·

196 972 294 1000 num
322 958 521 998 industria
558 957 916 998 celeberrimorum
958 963 999 996 et
1028 958 1392 999 eruditissimorum
1421 961 1645 1010 hominum,

197 1027 389 1068 videlicet
428 1027 687 1079 Ooncyliw),
727 1027 975 1066 Onomacriti
1006 1027 1291 1076 Atheniensis,
1331 1029 1485 1080 Zopyri
1515 1030 1646 1068 Hera-

200 1097 359 1138 cleotae
398 1100 440 1136 et
482 1095 638 1147 Orphei
661 1096 943 1135 Crotoniatae.
1009 1107 1100 1135 nam
1140 1096 1308 1147 carptim
1349 1098 1462 1147 prius
1491 1098 1646 1138 Home-

197 1179 268 1206 rus
298 1170 340 1206 et
368 1178 448 1206 non
479 1164 556 1205 nisi
585 1163 826 1204 difficillime
857 1163 1090 1214 legebatur.
1155 1165 1261 1216 Quin
1299 1165 1420 1205 etiam
1458 1170 1551 1217 post
1581 1165 1647 1205 Pi-

198 1236 351 1277 sistrati
398 1246 534 1275 curam
576 1238 617 1273 et
660 1233 884 1272 Ptolemaei
928 1233 1178 1284 diligentiam
1218 1234 1474 1273 Aristarchus
1514 1235 1647 1274 adhuc

199 1306 377 1346 exactius
415 1304 454 1343 in
484 1302 658 1343 Homeri
705 1301 947 1342 elimandam
988 1302 1269 1342 collectionem
1307 1303 1498 1354 vigilavit.
1559 1305 1646 1343 He-

197 1374 380 1415 liodorus
396 1372 522 1412 multa
552 1372 671 1411 aliter
688 1373 758 1420 **).
777 1375 964 1422 nugatur,
995 1383 1099 1422 quae
1127 1371 1250 1423 longo
1280 1372 1459 1410 convicio
1478 1373 1646 1412 Caecius

198 1441 478 1496 reprehendit.
548 1441 651 1480 Nam
691 1440 742 1478 ab
772 1439 924 1478 Lxxn
962 1440 1093 1479 doctis
1122 1438 1202 1490 ***)
1236 1439 1333 1479 viris
1370 1452 1394 1479 a
1433 1440 1645 1480 Pisistrato

196 1512 296 1554 huic
324 1510 491 1563 negotio
520 1508 762 1561 praepositis
800 1507 898 1547 dicit
926 1507 1153 1547 Homerum
1190 1508 1245 1547 ita
1281 1508 1408 1547 fuisse
1447 1510 1646 1561 composi-

198 1586 309 1630 tum,
339 1580 407 1632 qui
438 1579 600 1631 quidem
631 1576 833 1616 Zenodoti
865 1580 906 1615 et
935 1577 1160 1616 Aristarchi
1189 1577 1428 1617 industriam
1459 1579 1646 1619 omnibus

198 1651 420 1705 praelatam
459 1646 780 1699 comprobarint,
819 1646 926 1696 quod
956 1650 1113 1686 constat
1140 1646 1267 1687 fuisse
1297 1636 1555 1687 falsissimum
1583 1646 1646 1699 †)‚

198 1721 350 1774 quippe
388 1729 511 1770 quum
548 1717 655 1756 inter
696 1714 950 1755 Pisistratum
990 1719 1030 1754 et
1066 1717 1323 1756 Zenodotum
1359 1716 1514 1761 fuerint
1551 1717 1644 1757 anni

199 1803 325 1843 supra
361 1787 583 1834 ducentos,
621 1784 881 1826 Aristarchus
920 1789 1055 1824 autem
1095 1786 1201 1826 CXL
1229 1785 1308 1838 ††)
1356 1786 1469 1827 aunis
1512 1786 1645 1827 minor

198 1860 325 1913 fuerit
352 1859 441 1910 ipso
472 1859 514 1895 et
542 1853 756 1894 Zenodoto
785 1857 907 1905 atque
937 1853 1187 1895 Ptolemaeo.

287 2000 323 2044 ‘)
347 1998 435 2033 Vide
458 2006 560 2039 supra
583 2007 616 2039 p.
646 1995 749 2029 1238.

266 2059 322 2101 a«)
346 2054 579 2091 Bernhatdius
602 2059 668 2086 alia
691 2061 841 2095 nuyatur.
867 2055 902 2086 ln
917 2055 1051 2096 graecis
1074 2054 1179 2088 fuisse
1204 2054 1334 2088 videtur
1357 2051 1466 2094 ἄλλως
1490 2055 1643 2100 φλυαρεῖ.

245 2118 314 2162 ”·)
339 2117 383 2151 ab
406 2114 535 2147 LXXII
558 2111 688 2157 doctis]
728 2114 777 2146 lta
802 2112 1054 2154 Bernhardius,
1086 2113 1181 2147 cuius
1216 2113 1409 2147 coniectura
1439 2126 1528 2147 nunc
1558 2126 1643 2148 con-

198 2180 352 2216 firmatur
374 2175 418 2209 iis
442 2183 529 2217 quae
553 2182 656 2216 supra
680 2173 780 2204 allata
804 2175 891 2204 sunt.
945 2171 1063 2204 Codex
1087 2177 1125 2206 οῖ’
1141 2177 1266 2206 LXXII
1287 2179 1420 2209 duobus,

277 2236 320 2279 †)
346 2237 458 2270 Quam
484 2231 678 2276 opinionem
702 2232 853 2273 graviter
876 2230 940 2263 hoc
964 2231 1038 2264 loco
1064 2230 1285 2274 reprehendit
1308 2234 1451 2275 Tzetza,
1476 2243 1550 2265 eam
1574 2230 1647 2274 ipse

202 2296 356 2343 sequitur
379 2294 414 2328 in
437 2290 588 2332 Exegesi
610 2290 646 2323 in
666 2289 818 2331 Iliadem,
842 2289 954 2333 prius,
982 2293 1016 2322 ut
1040 2289 1194 2332 videtur,
1225 2291 1376 2336 scripta‚.
1405 2305 1437 2337 p.
1462 2292 1518 2328 45.
1545 2292 1591 2327 46
1613 2296 1646 2327 et

201 2356 281 2394 125.
307 2365 392 2398 quos
414 2354 507 2386 locos
529 2350 693 2383 indicavit
716 2349 958 2383 Bernhardius.
1005 2354 1206 2390 Dindorfius.

270 2414 343 2461 ἣ)
367 2410 483 2458 CXL]
507 2411 558 2444 lta
580 2408 825 2447 Bernhardius.
872 2408 992 2442 Codex
1016 2414 1178 2447 quattuor.

796 2577 1055 2588 ——-.---
