1716 3164
506 159 768 202 EIPHNH
806 160 1104 204 AEYTEPA.
1436 165 1547 207 1⁰65

68 287 150 329 que
168 273 469 316 Eratosthenes
489 274 670 316 dilucide
699 276 811 325 dicit,
843 276 945 317 duas
965 277 1088 317 huius
1103 276 1280 319 nominis
1310 278 1548 320 comoedias

66 347 107 386 in
139 345 369 386 didascaliis
400 345 515 395 ferri,
546 347 718 386 alterius
747 346 876 398 igitur
907 348 1147 389 memoriam
1177 349 1249 388 ille
1279 361 1329 388 ex
1360 348 1428 389 his
1455 362 1546 390 mo-

0 415 3 430 ²
65 417 296 465 numentis,
337 429 418 457 non
459 416 627 457 aliunde
665 417 797 469 petiit.
873 417 1010 467 Atque
1050 419 1313 470 castigandus
1353 419 1546 471 profecto

65 491 176 526 esset
206 490 352 539 poeta,
396 487 466 538 qui
495 487 567 527 ubi
597 487 745 527 melius
775 490 819 526 et
849 487 1106 526 emendatius
1138 488 1279 528 drama
1308 501 1546 541 proponere

0 543 2 547 X
61 557 214 605 voluit,
255 561 382 597 tenue
413 561 458 596 et
503 556 795 609 imperfectum
838 556 1119 596 exhibuisset:
1161 562 1284 609 atque
1325 571 1406 598 non
1452 572 1545 600 esse

61 626 252 667 omnibus
283 627 464 667 numeris
494 626 724 667 absolutam
756 626 1014 667 comoediam
1040 628 1246 668 concessit
1272 628 1394 669 etiam
1413 629 1544 682 Droy-

62 709 188 738 senus
219 698 282 739 vir
310 697 594 737 amicissimus.

260 860 450 912 ‘116301
478 868 528 912 τὸ
559 873 678 926 φῖτυ,
710 868 752 910 τί
784 869 834 911 τὸ
865 869 1002 925 γένος,
1031 866 1098 920 τίς
1127 864 1153 920 ἡ
1185 865 1364 926 osmod,-

169 984 415 1025 Eustathius
455 999 495 1038 p.
529 986 639 1026 1291
680 987 758 1027 26:
791 979 969 1024 ’Έοικεν
1007 979 1031 1023 ὁ
1062 980 1217 1037 φιτρὸς
1254 978 1439 1039 ᾳίτυρός
1477 997 1544 1032 τις

57 1042 198 1105 εἶναι,
237 1051 295 1103 ὠς
337 1052 424 1094 ἀπὸ
463 1053 542 1095 τοῦ
584 1055 714 1110 φῖτυ,
753 1050 781 1096 ὃ
818 1053 951 1104 δηλοῖ
982 1050 1127 1108 φυτὸν
1163 1047 1192 1102 ἢ
1223 1049 1439 1107 φύτευμα,
1483 1050 1542 1103 ὥς

54 1119 387 1179 Ἀριστοφάνης
416 1120 605 1183 Εἰρήνῃ·
636 1123 801 1167 Πόθεν
830 1123 880 1165 τὸ
912 1124 1018 1179 φῖτυ
1046 1122 1138 1165 κτλ.
1179 1125 1289 1165 Dicit
1318 1125 1426 1165 haec
1454 1125 1542 1166 for-

57 1198 167 1236 tasse
203 1197 274 1237 ille
314 1198 563 1251 Trygaeus,
600 1199 672 1238 ubi
713 1198 965 1251 Georgiam‚
1006 1209 1128 1248 quam
1173 1208 1197 1235 a
1228 1196 1386 1235 comico
1416 1200 1542 1250 poeta

57 1267 232 1308 mirifico
262 1274 410 1308 ornatu
439 1269 648 1309 inductam
678 1282 771 1309 esse
802 1270 1132 1308 consentaneum
1163 1270 1241 1316 est,
1272 1266 1542 1309 accedentem

3 1345 6 1348 ⁴
56 1338 280 1390 conspicit,
319 1352 370 1379 ex
400 1352 532 1391 eaque
563 1340 748 1391 quaerit,
789 1351 895 1391 quae
936 1341 978 1376 et
1014 1336 1127 1377 unde
1155 1337 1233 1385 ,sit3
1277 1350 1358 1377 nec
1396 1337 1540 1378 dubito

55 1407 154 1460 quin
185 1407 255 1450 hic
292 1422 435 1450 versus
474 1423 567 1450 cum
597 1411 660 1460 iis,
691 1410 762 1465 qui
791 1410 988 1463 leguntur
1017 1408 1089 1448 Fr.
1122 1407 1177 1456 11,
1209 1408 1407 1449 continuo
1439 1421 1538 1449 con-

53 1480 288 1535 {ungendus
319 1481 393 1520 sit:

172 1550 263 1592 TP.
295 1546 458 1590 Πόθεν
488 1547 538 1590 τὸ
569 1548 703 1605 φῖτυς
736 1545 779 1589 τί
808 1546 860 1588 τὸ
891 1546 1038 1600 γένοςς
1067 1543 1133 1593 τίς
1163 1540 1189 1596 ἡ
1222 1540 1394 1600 σποράς

171 1618 260 1663 ΓΕ.
297 1620 398 1669 Τοῖς
428 1618 567 1661 πᾶσιν
594 1615 909 1676 ἀνθρώποισιν
938 1612 1132 1673 Εἰρήνης
1161 1613 1298 1671 φίλης

172 1689 306 1742 πιστὴ
337 1688 503 1747 τροφὸς
532 1689 623 1732 κτλ.

773 1784 827 1825 11.

168 1865 228 1908 A.
265 1865 367 1915 Τοῖς
396 1865 535 1907 πᾶσιν
564 1858 879 1922 ἀνθρώποισιν
907 1856 1100 1921 Εἰρήνης
1131 1859 1264 1918 φίλης

169 1949 305 2004 πιστὴ
336 1947 516 2007 τροφός,
547 1949 700 2007 ταμία,
733 1947 954 2008 συνεργός,
985 1947 1231 2004 ἐπίτροπος,

166 2034 390 2093 θυγάτηρ,
420 2033 606 2092 ἀδελφή,
636 2034 785 2078 πάντα
814 2031 944 2077 ταῦτ’
977 2029 1131 2091 ἐχρῆτό
1160 2045 1253 2087 μοι.
1313 2034 1325 2042 '

163 2120 222 2165 Β.
251 2121 335 2163 Σοὶ
366 2119 419 2162 δ’
449 2118 592 2177 ὄνομα
623 2119 678 2171 δὴ
709 2119 752 2163 τί
780 2121 922 2175 ἐστινς
954 2119 1015 2163 Α.
1036 2112 1099 2160 “O
1130 2132 1195 2172 τις
1227 2111 1437 2171 Ῑέωργία.

168 2205 226 2249 Β.
245 2196 314 2250 ῗΩ
345 2204 538 2258 ποθεινὴ
568 2207 660 2255 τοῖς
689 2205 876 2255 δικαίοις
906 2205 981 2246 καὶ
1010 2202 1214 2258 γεωργοῖς
1243 2197 1401 2254 ἡμέρα,

162 2285 390 2345 ”Λσμενὸς
421 2287 468 2331 σ’
498 2285 606 2329 ἰδών
636 2290 889 2345 προσειπεῖν
920 2285 1142 2342 βούλομαι
1171 2282 1249 2333 τὰς
1278 2281 1510 2338 ἀμπέλους.

167 2403 371 2444 Stobaeus
401 2404 440 2443 11
471 2417 512 2457 p.
541 2404 627 2445 406
656 2405 723 2446 ed.
755 2404 912 2446 Gaisf.:
938 2394 1299 2459 Ἀριστοφάνους
1327 2388 1531 2450 Εἰρήνης.

56 2474 151 2516 Non
195 2479 313 2515 recte
356 2474 620 2516 Gaisfordius
667 2476 774 2516 haec
817 2475 869 2515 ad
906 2471 1136 2528 Agricolas
1180 2468 1343 2509 referre
1387 2466 1534 2516 voluit,

54 2556 161 2597 quae
190 2545 428 2585 coniectura
466 2547 580 2587 nullo
621 2547 765 2587 nititur
803 2545 1097 2590 fundamento;
1132 2551 1303 2594 prorsus
1342 2541 1480 2579 autem
1510 2549 1535 2577 a

55 2627 155 2655 vero
196 2616 402 2655 aberravit
432 2616 692 2667 Dindorfius‚
735 2617 805 2669 qui
836 2613 1056 2657 Menandri
1086 2606 1268 2665 Ιὲεωργῷ
1305 2608 1409 2648 haec
1446 2608 1534 2649 vin·

59 2681 231 2724 dicanda
260 2692 428 2735 censet3
474 2689 699 2740 speciosius
728 2700 850 2741 quam
881 2685 1018 2726 verius
1048 2679 1307 2724 Fritzschius
1335 2678 1379 2718 in
1409 2678 1533 2718 Com·-

58 2755 185 2794 ment.
224 2753 278 2797 de
307 2756 466 2798 Daetal.
498 2772 538 2813 p.
570 2759 650 2800 131
691 2759 896 2799 existimat
925 2754 1152 2810 Agricolas
1188 2751 1320 2791 fuisse
1361 2747 1532 2788 alteram
