1716 3164
259 167 368 209 1280

257 272 473 329 ὠμόλινον
501 276 570 315 21.

257 341 487 398 ώμόῦπνος
515 343 610 384 551.

257 408 496 465 ὠνησάμην
525 413 698 452 aoristus
727 409 871 452 Atticis
901 423 981 452 non
1011 411 1182 453 usitatus
1209 412 1305 452 533.

261 478 494 538 ᾠνωμένος,
523 494 603 521 non
632 474 860 531 οἰνωμένος
890 480 986 519 211.

258 547 513 606 ὦρᾴζεσθαι
539 550 636 590 557.

260 616 317 667 ὠς
344 634 418 673 pro
447 612 591 672 ὥσπερ
620 631 700 663 non
731 617 878 656 dicitur
906 615 1028 655 attice
1056 615 1128 655 40.

259 682 404 743 ὥσπερ
434 686 527 742 περὶ
559 682 675 727 πόδα
705 687 799 726 660.

180 799 185 803 ,
259 755 291 797 ὠ
325 756 404 798 τᾶν
433 758 591 812 plurale
618 757 714 797 223.

783 879 831 919 P.
887 873 949 915 11.
1010 870 1067 914 (Ι).
1131 870 1187 913 Ψ.

266 964 414 1018 Paapis
442 963 666 1016 Aegyptius
695 962 791 1001 749.

262 1030 408 1074 παίειν
436 1033 559 1073 avide
587 1033 784 1071 devorare
811 1030 852 1069 8.

265 1099 509 1150 παλαιστὴς
538 1107 580 1141 et
608 1094 828 1147 παλαιστή
858 1098 927 1137 91.

262 1168 369 1211 πάλι
396 1185 470 1224 pro
501 1165 631 1208 πάλιν
660 1182 740 1208 non
769 1168 934 1207 atticum
963 1163 1057 1204 625.

261 1241 396 1282 Pallas
429 1240 620 1279 Phidiaca
651 1237 854 1290 quadratis
884 1235 1005 1275 soleis
1035 1233 1174 1273 induta
1202 1234 1271 1274 91.

264 1308 469 1360 παναγεῖς
500 1314 541 1347 et
570 1303 783 1358 παναγιάι
813 1303 960 1358 ἱέρειαι
988 1303 1082 1342 421.

264 1374 524 1431 πανεύφρων
553 1379 579 1417 i.
610 1391 648 1429 q.
679 1371 892 1427 πάννυχος
922 1374 1018 1413 212.

263 1442 470 1491 πανικτός
500 1446 595 1484 404.

263 1510 489 1562 πανόπτης
517 1515 651 1564 Argus
683 1513 777 1551 103.

264 1585 472 1635 Panoptae
501 1581 733 1634 philosophi
763 1581 857 1620 103.

264 1647 411 1692 πάντα
441 1645 599 1701 ἀγαθὰ
627 1650 935 1702 proverbialiter
964 1648 1115 1688 dictum
1145 1649 1240 1688 301.

266 1717 646 1766 παππεπίπαππος
678 1725 719 1759 et
747 1719 890 1759 similia
919 1719 1090 1758 labentis
1119 1718 1348 1770 graecitatis
1376 1716 1472 1756 854.

265 1785 385 1842 παρά
412 1790 452 1828 in
483 1788 658 1828 formula
687 1785 806 1840 παρὰ
830 1782 1032 1826 εὐθύνων
1062 1791 1102 1827 et
1131 1789 1327 1828 similibus
1358 1786 1451 1825 152.

265 1853 574 1911 παρακλείόιον
603 1858 722 1898 clavis
753 1858 978 1896 adulterina
1007 1857 1102 1897 643.

264 1924 606 1980 παραλέξασθαι
634 1922 758 1980 ἐλαίᾳ
789 1931 830 1965 et
858 1926 1002 1966 similia
1031 1925 1101 1965 88.
1131 1924 1227 1964 438.

265 1995 543 2050 παρασημεῖα
574 1997 704 2047 sigilla
733 1995 959 2035 adulterina
989 1994 1084 2034 643.

265 2066 432 2120 parasiti
460 2064 652 2104 Herculis
685 2065 806 2103 1022.

265 2129 545 2188 παραστάται
573 2134 600 2172 i.
631 2144 667 2171 e.
697 2126 833 2183 ὄρχεις
861 2131 955 2170 676.

264 2198 644 2258 παραταιναρίζειν
671 2201 766 2241 391.

265 2272 447 2328 παριέρη
477 2271 667 2312 sacerdos
697 2271 847 2311 Dianae
878 2271 1079 2323 Ephesiae
1107 2271 1203 2310 422.

266 2339 510 2396 παροψίδες
537 2337 679 2379 κακῶν
701 2341 741 2379 9.

266 2409 462 2451 πασσυδὶ
491 2414 533 2450 et
562 2406 752 2448 πανσυδὶ
782 2408 876 2448 265.
955 2411 957 2414 ’

268 2478 414 2520 πατᾶν
442 2493 515 2532 pro
547 2477 699 2518 πατεῖν
728 2490 808 2517 nou
837 2487 1028 2528 graecum
1058 2474 1153 2513 305.

269 2550 546 2603 patronymica
590 2562 612 2587 a
649 2546 907 2587 substantivis
943 2545 1009 2584 vel
1053 2543 1261 2583 adiectivis
1307 2542 1479 2583 formata
1515 2536 1710 2579 ἐπιθιτι.

322 2616 402 2664 κῶς
431 2618 626 2658 sumenda
655 2617 722 2656 22.

269 2684 510 2741 πατριῶται
538 2685 697 2726 barbari
726 2683 1021 2736 compellantur
1053 2680 1148 2720 257.
