1716 3164
704 185 940 233 ΗΡΩΕΣ.
1452 193 1564 236 1060

86 311 178 353 diae
206 307 276 351 Fr.
305 308 358 350 ΙΙ.
392 307 466 350 ΙΙΙ.
526 309 746 364 Temporis
776 315 929 360 autem,
960 321 1041 362 quo
1072 309 1176 351 haec
1205 309 1346 352 fabula
1377 314 1467 352 acta
1495 311 1562 362 sit,

84 381 219 422 tenuis
256 380 373 420 adest
404 384 501 421 nota
531 381 698 434 Frngm.
732 382 781 423 V.
821 381 862 421 in
903 393 983 432 qun
1014 369 1251 435 Diitrephes
1280 382 1511 435 exagitatur
1538 394 1563 424 a

83 452 255 492 comico.
326 451 451 492 Hunc
481 452 741 505 Diitrephem
781 451 844 492 bis
885 451 1022 504 tetigit
1051 452 1353 505 Aristophanes
1390 452 1433 494 in
1463 451 1562 495 Avi-

83 523 159 563 bus
188 536 227 563 v.
257 523 363 562 798:

190 587 278 639 ’.Ως
307 589 541 646 Διϊτρέφης
570 604 616 644 γε
648 593 859 632 πυτιναῖα
888 586 1031 646 μόνον
1060 587 1170 644 ἔχων
1199 588 1335 644 πτερὰ

194 659 342 719 ᾑρέθη
371 659 608 717 φύλαρχος,
639 652 735 702 εἷθ’
768 658 1004 717 ἵππαρχος,
1033 651 1118 701 εἶτ’
1146 660 1192 713 ἐξ
1221 657 1403 710 οὐδενὸς

191 729 360 786 μεγάλα
391 728 570 786 πράττει
599 729 730 775 κάστὶ
759 733 858 775 νυνὶ
888 730 1057 785 ξουθὸς
1087 727 1433 789 ἱππαλεκτρυών.

81 809 123 846 et
150 817 294 846 versus
325 817 362 845 v.
395 804 534 844 1440:

192 871 350 921 Δεινῶς
379 873 425 927 γε’
454 886 542 927 μου
571 870 621 914 τὸ
650 868 877 929 μειράκιον
906 871 1142 930 Διϊτρέφης

192 944 328 998 λέγων
356 940 663 999 ἀνεπτέρωκεν,
691 938 819 986 ὥσθ’
855 943 1133 995 ἱππηλατεῖν.

76 1019 262 1070 Apparet
295 1029 344 1056 ex
373 1017 440 1057 his
470 1017 574 1057 locis
607 1017 773 1070 Olymp.
803 1017 899 1057 XCI
930 1018 956 1057 2
988 1015 1261 1068 Diitrephem‚
1293 1027 1343 1055 ex
1372 1026 1557 1068 paupere

75 1086 244 1127 divitem
283 1086 438 1128 sactum
456 1118 478 1141 ‚s
509 1088 684 1128 multum
724 1087 903 1128 valuisse
942 1087 984 1127 in
1028 1086 1206 1127 civitate.
1265 1087 1403 1138 Atque
1443 1086 1556 1126 idem

75 1158 315 1211 Diitrephes
346 1159 421 1199 sub
452 1160 576 1200 finem
610 1160 775 1213 Olymp.
806 1158 902 1199 XCI
932 1159 959 1198 3
997 1162 1190 1211 praetore
1231 1157 1451 1206 Pisandro,
1487 1157 1556 1197 vel

77 1227 242 1281 Olymp.
272 1229 368 1269 XCI
398 1229 425 1269 4
455 1230 638 1279 ineunte,
669 1243 763 1270 cum
794 1230 1030 1270 Cleocritus
1062 1233 1173 1269 esset
1203 1233 1388 1281 praetor,
1419 1229 1555 1270 iussus

25 1324 27 1328 f
75 1304 139 1339 est
181 1299 394 1350 Thraces,
438 1301 507 1352 qui
551 1314 644 1342 sero
689 1300 1015 1342 Atheniensibus
1059 1299 1244 1340 subsidio
1275 1299 1554 1349 advenissent,

74 1381 167 1409 eum
197 1370 499 1410 Demosthenes
527 1371 608 1411 iam
639 1372 680 1412 in
712 1371 895 1412 Siciliam
925 1370 1140 1423 profectus
1171 1375 1305 1419 esset,
1334 1370 1553 1421 reducere,

72 1439 154 1480 vid.
186 1439 378 1492 Thucyd.
409 1441 488 1482 v11
518 1442 596 1481 29:
633 1439 747 1488 Τοὺς
777 1429 856 1481 οὖν
889 1438 1066 1496 Θρᾷκας
1096 1439 1196 1488 τοὺς
1225 1438 1284 1496 τῷ
1314 1438 1554 1492 Δημοσθέ-

71 1520 136 1549 νει
173 1504 501 1563 ὑστερήσαντας
538 1507 613 1551 διὰ
650 1509 732 1561 τὴν
762 1509 995 1567 παροῦσαν
1032 1508 1225 1565 ἀπορίαν
1267 1508 1356 1549 τῶν
1380 1504 1554 1563 χρημά-

71 1592 159 1620 των
189 1575 240 1620 οὐ
261 1577 523 1634 βουλόμενοι
541 1580 762 1634 δαπανᾶν,
780 1579 933 1631 ἐὐθὺς
962 1578 1237 1636 ἀπέπεμπον,
1268 1577 1552 1635 προστάξαν-

71 1664 140 1699 τες
169 1648 352 1705 κομίσαι
383 1648 544 1701 αὐτοὺς
577 1653 798 1709 Διϊτρέᾳει
827 1654 905 1694 καὶ
940 1647 1137 1701 εἰπόντες
1171 1645 1267 1705 ἅμα
1297 1650 1344 1692 ἐν
1371 1649 1430 1708 τῷ
1460 1665 1550 1692 πα-

72 1717 222 1777 ράπλῳ
252 1718 540 1776 (ἐπορεύοντο
571 1721 654 1779 γὰρ
685 1722 759 1765 δια
788 1723 868 1765 τοῦ
897 1720 1124 1780 Εὐρίπου)
1161 1723 1236 1764 καὶ
1276 1719 1378 1771 τοὺς
1421 1721 1551 1763 πολε-

70 1789 214 1845 μίους,
246 1789 303 1843 ἤν
331 1806 376 1833 τι
405 1790 605 1844 δύνηται,
636 1791 717 1835 ἀπ’
745 1792 892 1835 αὐτῶν
922 1792 1098 1848 βλάψαι
1127 1793 1217 1835 κτλ.
1277 1795 1361 1835 lam
1395 1795 1550 1835 Pausa·

72 1865 160 1904 nias
192 1865 209 1905 1
249 1866 305 1905 23
344 1866 371 1906 3
413 1866 640 1920 Diitrephis
680 1872 857 1908 statuam
896 1871 1215 1908 commemorate
1255 1861 1463 1914 Πλησίον
1501 1862 1550 1904 δέ

69 1947 164 1974 εστι
193 1933 450 1989 Διιτρέφους
476 1935 664 1990 χαλκοῦς
695 1933 876 1991 ανδριάς
905 1932 1071 1985 ὀὶστοῖς
1101 1934 1389 1990 θεβλημένου.
1420 1925 1550 1984 οὗτος

23 2047 37 2056 2
70 2000 94 2044 ὁ
124 2005 358 2060 Διϊτρέφης
402 2002 516 2046 ἄλλα
552 2021 596 2047 τε
634 2004 819 2062 ἔπραξεν
858 2003 1004 2048 ὁπόσα
1043 2006 1245 2060 λέγουσιν
1279 2002 1547 2059 Ἀθηναῖοι,

67 2075 144 2116 καὶ
185 2073 362 2132 Θρᾷκας
409 2075 672 2130 μισθωτοῖς
720 2074 1015 2133 ἀφικομένους
1061 2071 1244 2132 ὕστερον
1290 2103 1347 2110 -
1386 2073 1549 2131 ἀνῆγεν

68 2141 228 2198 ὀπίσω,
259 2154 301 2189 et
332 2149 483 2190 deinde
514 2152 612 2203 quid
643 2152 867 2204 Mycalessi
897 2151 1046 2191 fecerit
1075 2151 1244 2203 exponit
1270 2150 1350 2198 ita,
1388 2155 1434 2190 ut
1465 2163 1547 2192 non

70 2218 240 2260 dubium
280 2220 353 2269 sit,
392 2221 434 2260 in
465 2221 589 2263 huius
626 2223 741 2263 urhis
782 2223 997 2262 obsidione
1027 2222 1230 2262 occidisse
1269 2220 1546 2272 Diitrephem,

69 2290 228 2342 sagittis
270 2290 530 2340 confossum,
568 2305 815 2344 quamquam
850 2292 932 2332 hoe
973 2286 1055 2332 non
1094 2292 1250 2331 diserte
1287 2291 1405 2339 dicit,
1446 2291 1546 2332 satis

71 2360 181 2399 enim
210 2372 408 2412 perversa
437 2366 502 2401 est
532 2363 728 2401 orationis
758 2362 1046 2402 conformatio.
1077 2361 1377 2413 Aristophanes
1406 2364 1546 2403 sutem

69 2429 127 2470 ita
163 2430 347 2482 loquitur
384 2430 427 2470 in
464 2430 543 2470 hac
583 2430 724 2471 fabula
762 2432 815 2471 de
846 2431 1086 2484 Diitrephe,
1124 2436 1170 2471 ut
1200 2435 1300 2471 tune
1329 2432 1455 2472 etiam
1483 2433 1545 2473 vi-

68 2500 177 2540 xisse
211 2501 328 2541 iilum
367 2514 540 2541 neeesse
577 2501 652 2541 sit:
694 2514 823 2554 quare
862 2515 944 2542 non
983 2501 1118 2554 potuit
1151 2501 1223 2542 ina
1265 2501 1408 2542 fabula
1451 2507 1545 2556 post

69 2570 235 2623 olymp.
252 2570 347 2611 xc!
376 2571 589 2621 4-doeeri,
618 2571 692 2612 sed
722 2578 769 2612 ut
791 2585 869 2626 ego
901 2572 1074 2613 coniicio
1098 2573 1280 2625 pertinet
1309 2572 1362 2612 ad
1379 2573 1544 2628 Olymp.

67 2639 162 2681 xc1
193 2641 220 2680 3
261 2641 537 2694 convenitque
573 2642 673 2682 huic
709 2645 910 2696 tempori,
951 2656 1032 2696 quo
1071 2644 1364 2696 mysteriorum
1400 2644 1543 2696 profa-

69 2709 182 2750 natio
230 2716 273 2751 et
313 2711 554 2754 hermarum
592 2714 795 2755 mutilatio
833 2714 1003 2764 accidit,
1051 2714 1149 2755 satis
1193 2714 1425 2756 institutum
1471 2728 1541 2757 oo-

67 2779 272 2822 moediae.
