1716 3164
167 165 249 207 632.
288 182 294 184 -
758 158 1034 202 PLATONIS

168 285 256 316 των
282 272 328 312 ἓν
355 267 430 312 Aci·
450 267 700 323 κακουμένῳ
729 265 823 307 τὸν
862 263 1097 308 κότυλον
1135 268 1289 326 φέρει
1318 266 1468 326 φησίν,
1527 271 1620 314 Vid.

173 346 337 397 Fragm.
369 342 385 381 1
417 342 456 379 9.

866 393 936 434 IV.

338 474 432 518 Καί
461 489 528 516 τοι
556 477 725 531 φορεῖτε
753 474 949 529 γλῶτταν
977 473 1023 514 ἐν
1051 469 1345 528 ὑποδήμασιν,

340 557 649 614 στεφανοῦσθ’
681 557 1010 614 ὑπογλωττίσιν,
1040 553 1148 600 ὅταν
1176 555 1330 608 πίνητέ
1358 572 1458 608 που,

340 640 422 685 κᾶν
450 643 711 699 καλλιερῆτε,
742 643 937 698 γλῶτταν
967 640 1151 695 ἀγαθὴν
1180 641 1379 692 πέμπετε.

288 737 525 778 Athenaeus
553 734 630 776 XV
661 750 699 788 p.
731 736 812 775 077
830 748 871 774 a:
910 729 984 772 διὰ
1023 730 1067 771 δὲ
1099 729 1178 780 τὴν
1208 729 1292 780 σὴν
1315 729 1518 783 γλῶσσαν
1546 727 1622 780 τῆς

172 802 491 858 ὑπογλωττίδος
525 799 872 856 μνησθήσομαι,
911 792 961 850 ἧς
1001 796 1190 840 Πλάτων
1226 797 1431 853 ἐμνήσθη
1475 799 1520 840 ἐν
1557 800 1626 843 Aci

174 876 423 930 κακουμένῳ
454 869 546 912 Καί
575 886 642 913 τοι
671 873 839 927 φορεῖτε
867 870 957 912 κτλ.
1032 872 1101 911 Vs.
1132 871 1151 910 1
1199 872 1290 910 libri
1320 869 1535 921 γλῶσσαν.
1574 892 1628 898 --

176 948 248 990 Vs.
279 949 304 985 2
350 939 592 998 στεφάνους
633 938 675 981 δ’
709 944 815 983 libri.
885 943 1049 994 Optime
1086 941 1495 992 Schweighaeuserus
1535 956 1630 982 στε-

177 1012 414 1070 φανοῦσθε
445 1007 504 1063 δ’,
535 1014 611 1052 nisi
643 1013 750 1065 quod
779 1017 941 1065 poterat
970 1011 1102 1050 lenius
1133 1007 1454 1062 στεφανοῦσθ’,
1485 1017 1530 1052 ut
1558 1026 1629 1053 vo-

179 1086 258 1127 luit
289 1086 495 1124 Porsonus
526 1083 645 1122 Misc.
677 1097 715 1134 p.
747 1083 815 1122 44.
882 1082 1037 1121 Ibidem
1073 1081 1628 1134 ante.Schweighaeuse1-um

183 1147 255 1196 ὅτε
286 1167 359 1206 pro
391 1145 509 1200 ὅταν,
542 1154 657 1192 cuius
688 1153 790 1191 haec
820 1156 883 1190 est
911 1151 961 1190 ad
989 1150 1032 1190 h.
1061 1150 1090 1190 l.
1120 1152 1339 1191 annotatio.
1388 1153 1477 1201 „De
1507 1155 1632 1207 hypo-

179 1223 362 1279 glottide
401 1222 509 1274 quod
551 1221 617 1260 hic
657 1234 706 1260 ex
736 1220 958 1260 Theodoro
996 1221 1258 1272 grammatico
1297 1220 1503 1271 adfertur,
1542 1236 1633 1265 esse

178 1306 311 1347 genus
341 1291 545 1345 quoddam
573 1303 702 1330 nexus
732 1302 996 1338 coronarum,
1026 1289 1068 1328 id
1098 1294 1173 1337 est,
1203 1289 1400 1329 rationem
1433 1294 1631 1342 quandam

180 1361 373 1403 nectendi
410 1373 604 1400 coronas:
645 1360 686 1398 id
723 1360 924 1410 repetitur
954 1372 993 1410 p.
1024 1358 1162 1398 67811.
1207 1358 1277 1397 ubi
1323 1364 1535 1409 monetur,
1581 1375 1631 1406 ex

179 1432 353 1472 aliorum
388 1430 726 1482 interpretatione
755 1415 1080 1482 hypoglottidem
1117 1427 1196 1466 dici
1227 1440 1401 1468 coronae
1429 1431 1632 1480 quoddam

179 1513 332 1554 genus:
380 1504 480 1552 puta
518 1511 709 1539 coronam
750 1511 799 1538 ex
835 1498 1114 1550 hypogloss03
1158 1510 1237 1548 qua
1276 1498 1326 1537 de
1362 1498 1498 1549 planta
1539 1502 1633 1543 vide

180 1571 359 1614 Plinium
391 1569 546 1611 XXVII
578 1569 627 1610 ll
660 1569 713 1608 67
744 1567 888 1610 et-XV
917 1567 972 1606 30
1002 1567 1056 1607 39
1085 1566 1222 1619 ibique
1251 1567 1548 1611 Harduinum.’'

822 1690 873 1731 V.
933 1689 1004 1730 vl.

350 1771 555 1827 Γλώττης
585 1773 762 1828 ἀγαθῆς
790 1773 866 1816 οὐκ
896 1772 989 1817 ἔστ’
1022 1772 1202 1830 ἄμεινον
1231 1774 1331 1819 οὐδὲ
1360 1775 1417 1819 ἔν.

455 1862 474 1882 t
759 1861 777 1881 Φ
1062 1863 1079 1883 t
1363 1862 1382 1882 ῆι

347 1939 416 1982 ‘H
446 1940 612 1994 γλῶττα
645 1939 833 1996 δύναμιν
862 1939 961 1990 τοὺς
990 1938 1145 1995 λόγους
1173 1938 1397 1994 ἐκτήσατο,

353 2023 398 2065 ἐκ
427 2023 513 2066 τῶν
540 2021 680 2078 λόγων
710 2022 759 2065 δ’
789 2019 886 2066 ἅττ’
919 2022 1050 2075 αὐτὸς
1079 2025 1309 2080 ἐπιθυμεῖς
1337 2023 1455 2079 ἔχεις.

299 2137 426 2178 Orion
457 2152 480 2177 a
510 2139 819 2179 Schneidewino
845 2139 976 2179 editus
1008 2153 1049 2191 p.
1079 2140 1136 2179 42
1168 2139 1245 2180 17:
1276 2137 1321 2178 ἐκ
1349 2134 1449 2185 Διὸς
1477 2137 1634 2177 καλου-

188 2203 321 2258 μένου
350 2207 464 2258 (sic)
495 2203 733 2254 Πλάτωνος
769 2206 958 2260 κωμικοῦ
986 2207 1031 2247 Γ
1028 2204 1192 2256 λώττης
1221 2235 1274 2243 --
1314 2206 1411 2248 οὐδὲ
1448 2206 1505 2249 ἕν,
1563 2204 1637 2248 Ἕκ

188 2272 266 2313 τοῦ
294 2273 431 2315 αὐτοῦ
460 2271 680 2329 δράματος
707 2272 762 2316 'H
789 2275 957 2328 γλῶττα
988 2274 1176 2329 δύναμιν
1203 2277 1292 2318 κτλ,
1364 2280 1483 2330 Quod
1519 2291 1637 2318 versu

189 2345 321 2396 primo
351 2345 501 2397 legitur
529 2340 629 2384 οὐδὲ
659 2343 714 2394 ἕν,
746 2348 912 2388 accedat
941 2349 1135 2400 exemplis
1172 2349 1221 2387 ab
1250 2349 1447 2387 Elmsleio
1477 2349 1517 2387 in
1545 2361 1640 2387 cen-

191 2425 285 2452 sura
317 2415 511 2454 Hecubae
540 2416 710 2456 Porson.
742 2430 781 2467 p.
812 2416 894 2454 257
925 2417 989 2457 ed.
1021 2418 1133 2468 Lips.
1165 2418 1367 2465 collectis3
1398 2428 1639 2467 quamquam

191 2482 374 2522 Platonis
406 2481 511 2530 Ζεὺς
541 2480 800 2536 κακούμενος
838 2484 1013 2524 fortasse
1051 2486 1345 2536 posterioribus
1375 2486 1463 2524 eius
1492 2485 1640 2525 sabulis

194 2553 520 2592 annumerandus
561 2558 636 2594 est.
695 2554 893 2595 Consulto
925 2555 1147 2595 Elmsleius
1175 2555 1500 2607 praetermisisse
1529 2556 1642 2594 vide-

193 2624 261 2664 tur
290 2620 516 2661 Philonidis
546 2622 680 2662 locum
698 2638 739 2676 p.
754 2623 858 2664 425:
889 2615 1050 2663 ἅπαντ’
1082 2619 1226 2676 ἐρίζεις
1253 2623 1329 2663 καὶ
1357 2623 1515 2670 συνιεὶς
1544 2620 1641 2662 οὐδὲ

198 2686 256 2732 ἔν.
279 2690 471 2733 ‘Eandem
501 2690 673 2734 formam
702 2693 918 2735 restituere
949 2697 1116 2735 conatus
1144 2706 1232 2735 sum
1261 2694 1499 2735 Pherecrati
1530 2695 1643 2749 Myr-
