<?xml version="1.0" encoding="UTF-8"?>
<!DOCTYPE html PUBLIC "-//W3C//DTD XHTML 1.0 Transitional//EN"
    "http://www.w3.org/TR/xhtml1/DTD/xhtml1-transitional.dtd">
<html xmlns="http://www.w3.org/1999/xhtml" xml:lang="en" lang="en">
 <head>
  <title>
</title>
<meta http-equiv="Content-Type" content="text/html;charset=utf-8" />
  <meta name='ocr-system' content='tesseract 3.04.00' />
  <meta name='ocr-capabilities' content='ocr_page ocr_carea ocr_par ocr_line ocrx_word'/>
</head>
<body>
  <div class='ocr_page' id='page_1' title='image "./fragmentacomicor02meinuoft_0482.png"; bbox 0 0 1716 3164; ppageno 0'>
   <div class='ocr_carea' id='block_1_1' title="bbox 165 204 1094 253">
    <p class='ocr_par' dir='ltr' id='par_1_1' title="bbox 165 204 1094 253">
     <span class='ocr_line' id='line_1_1' title="bbox 165 204 1094 253; baseline -0.008 0"><span class='ocrx_word' id='word_1_1' title='bbox 165 212 275 253; x_wconf 82' lang='lat'>1080</span> <span class='ocrx_word' id='word_1_2' title='bbox 687 204 1094 248; x_wconf 83' lang='lat' dir='ltr'>ARISTOPHANIS</span> 
     </span>
    </p>
   </div>
   <div class='ocr_carea' id='block_1_2' title="bbox 165 311 1643 2024">
    <p class='ocr_par' dir='ltr' id='par_1_2' title="bbox 165 311 1643 2024">
     <span class='ocr_line' id='line_1_2' title="bbox 167 311 1611 377; baseline -0.004 -16"><span class='ocrx_word' id='word_1_3' title='bbox 167 318 317 377; x_wconf 76' lang='grc' dir='ltr'><em>φῦκος,</em></span> <span class='ocrx_word' id='word_1_4' title='bbox 345 317 419 358; x_wconf 84' lang='grc' dir='ltr'>καὶ</span> <span class='ocrx_word' id='word_1_5' title='bbox 449 314 503 357; x_wconf 82' lang='grc' dir='ltr'>τὰ</span> <span class='ocrx_word' id='word_1_6' title='bbox 531 312 863 370; x_wconf 82' lang='grc' dir='ltr'><em>ὑπογράμματα.</em></span> <span class='ocrx_word' id='word_1_7' title='bbox 927 339 980 348; x_wconf 89' lang='lat'>——</span> <span class='ocrx_word' id='word_1_8' title='bbox 1037 316 1108 358; x_wconf 86' lang='lat' dir='ltr'>Vs.</span> <span class='ocrx_word' id='word_1_9' title='bbox 1137 316 1165 355; x_wconf 78' lang='lat'><strong>3</strong></span> <span class='ocrx_word' id='word_1_10' title='bbox 1204 311 1436 367; x_wconf 83' lang='grc' dir='ltr'><em>ἕγχουσαν]</em></span> <span class='ocrx_word' id='word_1_11' title='bbox 1477 315 1611 367; x_wconf 82' lang='lat' dir='ltr'><strong>Vulgo</strong></span> 
     </span>
     <span class='ocr_line' id='line_1_3' title="bbox 165 381 1614 442; baseline -0.006 -10"><span class='ocrx_word' id='word_1_12' title='bbox 165 387 374 442; x_wconf 80' lang='grc' dir='ltr'><em>ἄγχουσα.</em></span> <span class='ocrx_word' id='word_1_13' title='bbox 439 389 666 428; x_wconf 87' lang='lat' dir='ltr'>Brunekius</span> <span class='ocrx_word' id='word_1_14' title='bbox 709 381 951 439; x_wconf 78' lang='grc' dir='ltr'><em>ἄγχουσαν,</em></span> <span class='ocrx_word' id='word_1_15' title='bbox 1007 386 1180 426; x_wconf 84' lang='lat' dir='ltr'>Atticam</span> <span class='ocrx_word' id='word_1_16' title='bbox 1222 385 1393 424; x_wconf 78' lang='lat' dir='ltr'>formam</span> <span class='ocrx_word' id='word_1_17' title='bbox 1437 386 1614 424; x_wconf 87' lang='lat' dir='ltr'>restituit</span> 
     </span>
     <span class='ocr_line' id='line_1_4' title="bbox 170 448 1616 510; baseline -0.006 -11"><span class='ocrx_word' id='word_1_18' title='bbox 170 458 418 500; x_wconf 78' lang='lat' dir='ltr'>Dindorfius.</span> <span class='ocrx_word' id='word_1_19' title='bbox 483 451 694 510; x_wconf 74' lang='grc' dir='ltr'><em>ὄλεθρον]</em></span> <span class='ocrx_word' id='word_1_20' title='bbox 745 456 995 507; x_wconf 79' lang='lat' dir='ltr'>Hesychius:</span> <span class='ocrx_word' id='word_1_21' title='bbox 1034 449 1256 505; x_wconf 74' lang='grc' dir='ltr'><em>’Όλεθρος</em></span> <span class='ocrx_word' id='word_1_22' title='bbox 1293 448 1459 502; x_wconf 71' lang='grc' dir='ltr'><em>βαθύς·</em></span> <span class='ocrx_word' id='word_1_23' title='bbox 1510 449 1616 492; x_wconf 81' lang='grc' dir='ltr'><em>ἔνιοι</em></span> 
     </span>
     <span class='ocr_line' id='line_1_5' title="bbox 170 515 1617 578; baseline -0.003 -13"><span class='ocrx_word' id='word_1_24' title='bbox 170 525 242 566; x_wconf 77' lang='grc' dir='ltr'>ἐπὶ</span> <span class='ocrx_word' id='word_1_25' title='bbox 270 521 437 578; x_wconf 84' lang='grc' dir='ltr'><strong><em>κόσμου</em></strong></span> <span class='ocrx_word' id='word_1_26' title='bbox 465 521 729 576; x_wconf 74' lang='grc' dir='ltr'><em>γυναικείου·</em></span> <span class='ocrx_word' id='word_1_27' title='bbox 759 520 966 563; x_wconf 79' lang='grc' dir='ltr'><em>ἀπώλεια.</em></span> <span class='ocrx_word' id='word_1_28' title='bbox 1006 549 1060 554; x_wconf 88' lang='grc'><strong>-</strong></span> <span class='ocrx_word' id='word_1_29' title='bbox 1091 524 1160 563; x_wconf 93' lang='lat' dir='ltr'>Vs.</span> <span class='ocrx_word' id='word_1_30' title='bbox 1189 522 1216 560; x_wconf 82' lang='lat'>4</span> <span class='ocrx_word' id='word_1_31' title='bbox 1245 515 1434 574; x_wconf 85' lang='grc' dir='ltr'><em>στρόφια</em></span> <span class='ocrx_word' id='word_1_32' title='bbox 1462 522 1617 574; x_wconf 80' lang='lat' dir='ltr'>scripsi,</span> 
     </span>
     <span class='ocr_line' id='line_1_6' title="bbox 171 585 1618 647; baseline -0.006 -11"><span class='ocrx_word' id='word_1_33' title='bbox 171 595 294 647; x_wconf 78' lang='lat' dir='ltr'>vulgo</span> <span class='ocrx_word' id='word_1_34' title='bbox 325 589 551 647; x_wconf 75' lang='grc' dir='ltr'><em>στρόφιον,</em></span> <span class='ocrx_word' id='word_1_35' title='bbox 582 595 690 646; x_wconf 92' lang='lat' dir='ltr'>quod</span> <span class='ocrx_word' id='word_1_36' title='bbox 721 598 852 633; x_wconf 89' lang='lat' dir='ltr'>metro</span> <span class='ocrx_word' id='word_1_37' title='bbox 882 596 1105 645; x_wconf 81' lang='lat' dir='ltr'>repugnat,</span> <span class='ocrx_word' id='word_1_38' title='bbox 1136 589 1317 630; x_wconf 86' lang='lat' dir='ltr'>nonnulli</span> <span class='ocrx_word' id='word_1_39' title='bbox 1347 590 1464 630; x_wconf 89' lang='lat' dir='ltr'>codd.</span> <span class='ocrx_word' id='word_1_40' title='bbox 1494 585 1618 642; x_wconf 87' lang='grc' dir='ltr'><em>στρό-</em></span> 
     </span>
     <span class='ocr_line' id='line_1_7' title="bbox 174 653 1621 717; baseline -0.003 -14"><span class='ocrx_word' id='word_1_41' title='bbox 174 675 285 717; x_wconf 84' lang='grc' dir='ltr'><em>φον,</em></span> <span class='ocrx_word' id='word_1_42' title='bbox 323 664 432 715; x_wconf 86' lang='lat' dir='ltr'>quod</span> <span class='ocrx_word' id='word_1_43' title='bbox 469 665 601 704; x_wconf 89' lang='lat' dir='ltr'>minus</span> <span class='ocrx_word' id='word_1_44' title='bbox 639 662 895 702; x_wconf 90' lang='lat' dir='ltr'>commodum</span> <span class='ocrx_word' id='word_1_45' title='bbox 934 662 1119 708; x_wconf 83' lang='lat' dir='ltr'>videtur,</span> <span class='ocrx_word' id='word_1_46' title='bbox 1172 664 1214 698; x_wconf 89' lang='lat' dir='ltr'>et</span> <span class='ocrx_word' id='word_1_47' title='bbox 1250 653 1460 710; x_wconf 83' lang='grc' dir='ltr'><em>στρόφιον</em></span> <span class='ocrx_word' id='word_1_48' title='bbox 1501 659 1621 698; x_wconf 81' lang='lat' dir='ltr'>etiam</span> 
     </span>
     <span class='ocr_line' id='line_1_8' title="bbox 177 722 1625 781; baseline -0.006 -8"><span class='ocrx_word' id='word_1_49' title='bbox 177 734 367 774; x_wconf 77' lang='lat' dir='ltr'>Clemens</span> <span class='ocrx_word' id='word_1_50' title='bbox 406 736 571 781; x_wconf 89' lang='lat' dir='ltr'>tuetur,</span> <span class='ocrx_word' id='word_1_51' title='bbox 615 732 719 771; x_wconf 84' lang='lat' dir='ltr'>adde</span> <span class='ocrx_word' id='word_1_52' title='bbox 751 731 961 770; x_wconf 83' lang='lat' dir='ltr'><strong>Pollucem</strong></span> <span class='ocrx_word' id='word_1_53' title='bbox 992 730 1027 770; x_wconf 93' lang='lat' dir='ltr'>V</span> <span class='ocrx_word' id='word_1_54' title='bbox 1057 730 1135 767; x_wconf 82' lang='lat'>96:</span> <span class='ocrx_word' id='word_1_55' title='bbox 1176 726 1267 766; x_wconf 88' lang='grc' dir='ltr'>Καὶ</span> <span class='ocrx_word' id='word_1_56' title='bbox 1303 722 1514 780; x_wconf 80' lang='grc' dir='ltr'><em>στρόφιον</em></span> <span class='ocrx_word' id='word_1_57' title='bbox 1551 725 1625 766; x_wconf 88' lang='grc' dir='ltr'>καὶ</span> 
     </span>
     <span class='ocr_line' id='line_1_9' title="bbox 177 792 1626 853; baseline -0.005 -12"><span class='ocrx_word' id='word_1_58' title='bbox 177 794 597 853; x_wconf 75' lang='grc' dir='ltr'><em>ὸπισθοσφενόόνην</em></span> <span class='ocrx_word' id='word_1_59' title='bbox 638 795 757 851; x_wconf 84' lang='grc' dir='ltr'><em>παρὰ</em></span> <span class='ocrx_word' id='word_1_60' title='bbox 805 792 1132 851; x_wconf 76' lang='grc' dir='ltr'><em>Ἀριστοφάνει,</em></span> <span class='ocrx_word' id='word_1_61' title='bbox 1205 797 1313 848; x_wconf 89' lang='lat' dir='ltr'>quod</span> <span class='ocrx_word' id='word_1_62' title='bbox 1355 798 1534 849; x_wconf 82' lang='lat' dir='ltr'>pertinet</span> <span class='ocrx_word' id='word_1_63' title='bbox 1574 795 1626 835; x_wconf 82' lang='lat' dir='ltr'>ad</span> 
     </span>
     <span class='ocr_line' id='line_1_10' title="bbox 175 863 1627 922; baseline -0.006 -11"><span class='ocrx_word' id='word_1_64' title='bbox 175 871 287 911; x_wconf 91' lang='lat' dir='ltr'>hunc</span> <span class='ocrx_word' id='word_1_65' title='bbox 330 871 462 922; x_wconf 88' lang='lat' dir='ltr'>ipsum</span> <span class='ocrx_word' id='word_1_66' title='bbox 504 870 660 918; x_wconf 89' lang='lat' dir='ltr'>locum,</span> <span class='ocrx_word' id='word_1_67' title='bbox 701 869 778 908; x_wconf 86' lang='lat' dir='ltr'>etsi</span> <span class='ocrx_word' id='word_1_68' title='bbox 814 863 1024 920; x_wconf 82' lang='grc' dir='ltr'><em>στρόφιον</em></span> <span class='ocrx_word' id='word_1_69' title='bbox 1060 867 1182 906; x_wconf 86' lang='lat' dir='ltr'>etiam</span> <span class='ocrx_word' id='word_1_70' title='bbox 1219 866 1315 905; x_wconf 80' lang='lat' dir='ltr'>alibi</span> <span class='ocrx_word' id='word_1_71' title='bbox 1342 867 1492 917; x_wconf 82' lang='lat' dir='ltr'>legitur</span> <span class='ocrx_word' id='word_1_72' title='bbox 1521 864 1627 916; x_wconf 87' lang='lat' dir='ltr'>apud</span> 
     </span>
     <span class='ocr_line' id='line_1_11' title="bbox 177 933 1629 991; baseline -0.006 -11"><span class='ocrx_word' id='word_1_73' title='bbox 177 939 518 991; x_wconf 79' lang='lat' dir='ltr'>Aristophanem,</span> <span class='ocrx_word' id='word_1_74' title='bbox 559 942 604 978; x_wconf 89' lang='lat' dir='ltr'>ut</span> <span class='ocrx_word' id='word_1_75' title='bbox 634 939 674 978; x_wconf 87' lang='lat' dir='ltr'>in</span> <span class='ocrx_word' id='word_1_76' title='bbox 705 937 1000 990; x_wconf 90' lang='lat' dir='ltr'>Thesmophor.</span> <span class='ocrx_word' id='word_1_77' title='bbox 1031 950 1068 976; x_wconf 80' lang='lat' dir='ltr'>v,</span> <span class='ocrx_word' id='word_1_78' title='bbox 1100 937 1194 975; x_wconf 80' lang='lat'>146.</span> <span class='ocrx_word' id='word_1_79' title='bbox 1225 935 1321 975; x_wconf 76' lang='lat'>258.</span> <span class='ocrx_word' id='word_1_80' title='bbox 1351 936 1445 974; x_wconf 77' lang='lat'>262.</span> <span class='ocrx_word' id='word_1_81' title='bbox 1475 933 1557 972; x_wconf 76' lang='lat'>645</span> <span class='ocrx_word' id='word_1_82' title='bbox 1587 936 1629 972; x_wconf 86' lang='lat' dir='ltr'>et</span> 
     </span>
     <span class='ocr_line' id='line_1_12' title="bbox 177 997 1627 1061; baseline -0.006 -12"><span class='ocrx_word' id='word_1_83' title='bbox 177 1009 220 1049; x_wconf 85' lang='lat' dir='ltr'>in</span> <span class='ocrx_word' id='word_1_84' title='bbox 252 1009 421 1061; x_wconf 81' lang='lat' dir='ltr'>Lysistr.</span> <span class='ocrx_word' id='word_1_85' title='bbox 452 1008 548 1047; x_wconf 82' lang='lat'>930.</span> <span class='ocrx_word' id='word_1_86' title='bbox 607 1006 693 1047; x_wconf 75' lang='lat' dir='ltr'>crr.</span> <span class='ocrx_word' id='word_1_87' title='bbox 726 1006 993 1046; x_wconf 81' lang='lat' dir='ltr'>Pherecrates</span> <span class='ocrx_word' id='word_1_88' title='bbox 1023 1006 1063 1045; x_wconf 92' lang='lat' dir='ltr'>in</span> <span class='ocrx_word' id='word_1_89' title='bbox 1092 998 1254 1058; x_wconf 81' lang='grc' dir='ltr'><em>Λήροις</em></span> <span class='ocrx_word' id='word_1_90' title='bbox 1283 1005 1446 1056; x_wconf 82' lang='lat' dir='ltr'>Fragm.</span> <span class='ocrx_word' id='word_1_91' title='bbox 1473 1003 1504 1042; x_wconf 94' lang='lat'>1.</span> <span class='ocrx_word' id='word_1_92' title='bbox 1536 997 1627 1040; x_wconf 69' lang='lat' dir='ltr'>Mi-</span> 
     </span>
     <span class='ocr_line' id='line_1_13' title="bbox 179 1070 1629 1130; baseline -0.002 -16"><span class='ocrx_word' id='word_1_93' title='bbox 179 1087 290 1130; x_wconf 87' lang='grc' dir='ltr'><em>τραν</em></span> <span class='ocrx_word' id='word_1_94' title='bbox 319 1071 522 1128; x_wconf 81' lang='grc' dir='ltr'><em>ἁλουργῆ,</em></span> <span class='ocrx_word' id='word_1_95' title='bbox 552 1070 775 1127; x_wconf 81' lang='grc' dir='ltr'><em>στρόφιον,</em></span> <span class='ocrx_word' id='word_1_96' title='bbox 807 1070 1036 1127; x_wconf 81' lang='grc' dir='ltr'><em>ὄχθοιβον,</em></span> <span class='ocrx_word' id='word_1_97' title='bbox 1066 1072 1206 1114; x_wconf 81' lang='grc' dir='ltr'><em>κτένα.</em></span> <span class='ocrx_word' id='word_1_98' title='bbox 1263 1073 1350 1113; x_wconf 82' lang='lat' dir='ltr'>cfr.</span> <span class='ocrx_word' id='word_1_99' title='bbox 1371 1072 1551 1112; x_wconf 84' lang='lat' dir='ltr'>Boeckh.</span> <span class='ocrx_word' id='word_1_100' title='bbox 1582 1072 1629 1111; x_wconf 83' lang='lat' dir='ltr'>C.</span> 
     </span>
     <span class='ocr_line' id='line_1_14' title="bbox 180 1138 1629 1195; baseline -0.004 -9"><span class='ocrx_word' id='word_1_101' title='bbox 180 1146 308 1186; x_wconf 89' lang='lat' dir='ltr'>Inscr.</span> <span class='ocrx_word' id='word_1_102' title='bbox 340 1145 357 1184; x_wconf 95' lang='lat'>1</span> <span class='ocrx_word' id='word_1_103' title='bbox 388 1157 428 1184; x_wconf 90' lang='lat' dir='ltr'>n.</span> <span class='ocrx_word' id='word_1_104' title='bbox 458 1143 540 1183; x_wconf 84' lang='lat'>150</span> <span class='ocrx_word' id='word_1_105' title='bbox 570 1148 611 1183; x_wconf 90' lang='lat' dir='ltr'>et</span> <span class='ocrx_word' id='word_1_106' title='bbox 643 1144 736 1184; x_wconf 87' lang='lat'>151.</span> <span class='ocrx_word' id='word_1_107' title='bbox 771 1138 1195 1195; x_wconf 72' lang='grc' dir='ltr'><em>Ὀπισθοσφενδόνη</em></span> <span class='ocrx_word' id='word_1_108' title='bbox 1233 1142 1403 1193; x_wconf 82' lang='lat' dir='ltr'>respicit</span> <span class='ocrx_word' id='word_1_109' title='bbox 1440 1140 1629 1180; x_wconf 84' lang='lat' dir='ltr'>Eustath.</span> 
     </span>
     <span class='ocr_line' id='line_1_15' title="bbox 182 1204 1631 1265; baseline -0.006 -11"><span class='ocrx_word' id='word_1_110' title='bbox 182 1214 235 1255; x_wconf 77' lang='lat' dir='ltr'>ad</span> <span class='ocrx_word' id='word_1_111' title='bbox 264 1214 433 1265; x_wconf 84' lang='lat' dir='ltr'>Dionys.</span> <span class='ocrx_word' id='word_1_112' title='bbox 470 1212 635 1264; x_wconf 83' lang='lat' dir='ltr'>Perieg.</span> <span class='ocrx_word' id='word_1_113' title='bbox 665 1226 702 1253; x_wconf 77' lang='lat' dir='ltr'>V.</span> <span class='ocrx_word' id='word_1_114' title='bbox 734 1214 783 1253; x_wconf 86' lang='lat'>1:</span> <span class='ocrx_word' id='word_1_115' title='bbox 825 1209 849 1261; x_wconf 83' lang='grc' dir='ltr'><strong><em>ἡ</em></strong></span> <span class='ocrx_word' id='word_1_116' title='bbox 883 1211 951 1261; x_wconf 85' lang='grc' dir='ltr'>δέ,</span> <span class='ocrx_word' id='word_1_117' title='bbox 990 1210 1103 1264; x_wconf 87' lang='grc' dir='ltr'><em>φασὶ</em></span> <span class='ocrx_word' id='word_1_118' title='bbox 1138 1209 1211 1249; x_wconf 86' lang='grc' dir='ltr'>καὶ</span> <span class='ocrx_word' id='word_1_119' title='bbox 1240 1204 1631 1262; x_wconf 66' lang='grc' dir='ltr'><em>ὀπισθοσφενδόνη</em></span> 
     </span>
     <span class='ocr_line' id='line_1_16' title="bbox 185 1277 1631 1336; baseline -0.003 -14"><span class='ocrx_word' id='word_1_120' title='bbox 185 1277 308 1336; x_wconf 86' lang='grc' dir='ltr'><em>παρὰ</em></span> <span class='ocrx_word' id='word_1_121' title='bbox 336 1279 425 1327; x_wconf 82' lang='grc' dir='ltr'><em>τοῖς</em></span> <span class='ocrx_word' id='word_1_122' title='bbox 453 1280 665 1333; x_wconf 83' lang='grc' dir='ltr'><em>κωμικοῖς.</em></span> <span class='ocrx_word' id='word_1_123' title='bbox 695 1306 751 1313; x_wconf 90' lang='lat'>——</span> <span class='ocrx_word' id='word_1_124' title='bbox 779 1282 894 1323; x_wconf 87' lang='lat' dir='ltr'>Vs.5</span> <span class='ocrx_word' id='word_1_125' title='bbox 924 1281 1030 1333; x_wconf 80' lang='lat' dir='ltr'>apud</span> <span class='ocrx_word' id='word_1_126' title='bbox 1045 1281 1297 1321; x_wconf 89' lang='lat' dir='ltr'>Clementem</span> <span class='ocrx_word' id='word_1_127' title='bbox 1327 1279 1432 1318; x_wconf 79' lang='lat' dir='ltr'>male</span> <span class='ocrx_word' id='word_1_128' title='bbox 1461 1279 1631 1331; x_wconf 77' lang='lat' dir='ltr'>legitur:</span> 
     </span>
     <span class='ocr_line' id='line_1_17' title="bbox 187 1343 1634 1405; baseline -0.002 -15"><span class='ocrx_word' id='word_1_129' title='bbox 187 1345 587 1402; x_wconf 74' lang='grc' dir='ltr'><em>ὀπισθοκάλυμμα,</em></span> <span class='ocrx_word' id='word_1_130' title='bbox 618 1346 774 1402; x_wconf 84' lang='grc' dir='ltr'><em>φῦκος,</em></span> <span class='ocrx_word' id='word_1_131' title='bbox 804 1348 1066 1405; x_wconf 73' lang='grc' dir='ltr'><em>περιδέρρεα.</em></span> <span class='ocrx_word' id='word_1_132' title='bbox 1098 1343 1432 1402; x_wconf 81' lang='grc' dir='ltr'><em>ὑπογράμματα.</em></span> <span class='ocrx_word' id='word_1_133' title='bbox 1467 1348 1634 1400; x_wconf 78' lang='lat' dir='ltr'>respicit</span> 
     </span>
     <span class='ocr_line' id='line_1_18' title="bbox 182 1411 1635 1472; baseline -0.004 -11"><span class='ocrx_word' id='word_1_134' title='bbox 182 1421 267 1461; x_wconf 82' lang='lat' dir='ltr'>huc</span> <span class='ocrx_word' id='word_1_135' title='bbox 284 1421 420 1472; x_wconf 76' lang='lat' dir='ltr'>Etym.</span> <span class='ocrx_word' id='word_1_136' title='bbox 438 1420 497 1460; x_wconf 90' lang='lat' dir='ltr'>M.</span> <span class='ocrx_word' id='word_1_137' title='bbox 515 1433 557 1471; x_wconf 88' lang='lat' dir='ltr'>p.</span> <span class='ocrx_word' id='word_1_138' title='bbox 572 1420 654 1459; x_wconf 77' lang='lat'>782</span> <span class='ocrx_word' id='word_1_139' title='bbox 686 1420 762 1459; x_wconf 79' lang='lat'>12:</span> <span class='ocrx_word' id='word_1_140' title='bbox 789 1414 1160 1472; x_wconf 80' lang='grc' dir='ltr'><em>Ὑπόγραμμα·</em></span> <span class='ocrx_word' id='word_1_141' title='bbox 1191 1414 1241 1456; x_wconf 88' lang='grc' dir='ltr'>τὸ</span> <span class='ocrx_word' id='word_1_142' title='bbox 1267 1412 1513 1471; x_wconf 63' lang='grc' dir='ltr'><em>’Λρματίου</em></span> <span class='ocrx_word' id='word_1_143' title='bbox 1526 1411 1635 1456; x_wconf 84' lang='grc' dir='ltr'><em>ὑπό-</em></span> 
     </span>
     <span class='ocr_line' id='line_1_19' title="bbox 182 1477 1636 1542; baseline -0.002 -15"><span class='ocrx_word' id='word_1_144' title='bbox 182 1496 360 1542; x_wconf 81' lang='grc' dir='ltr'><em>μνημα,</em></span> <span class='ocrx_word' id='word_1_145' title='bbox 392 1477 427 1542; x_wconf 76' lang='grc' dir='ltr'><em>ᾦ</em></span> <span class='ocrx_word' id='word_1_146' title='bbox 455 1484 554 1534; x_wconf 83' lang='grc' dir='ltr'><em>τοὺς</em></span> <span class='ocrx_word' id='word_1_147' title='bbox 583 1485 851 1541; x_wconf 76' lang='grc' dir='ltr'><em>ὀφθαλμοὺς</em></span> <span class='ocrx_word' id='word_1_148' title='bbox 894 1482 1230 1542; x_wconf 60' lang='grc' dir='ltr'><em>ὑπογράφουσν</em></span> <span class='ocrx_word' id='word_1_149' title='bbox 1258 1485 1331 1525; x_wconf 85' lang='grc' dir='ltr'>καὶ</span> <span class='ocrx_word' id='word_1_150' title='bbox 1361 1483 1636 1540; x_wconf 76' lang='grc' dir='ltr'><em>ὑπογεγραμ-</em></span> 
     </span>
     <span class='ocr_line' id='line_1_20' title="bbox 184 1551 1637 1610; baseline 0.001 -14"><span class='ocrx_word' id='word_1_151' title='bbox 184 1555 310 1610; x_wconf 84' lang='grc' dir='ltr'><em>μένη,</em></span> <span class='ocrx_word' id='word_1_152' title='bbox 339 1553 627 1608; x_wconf 77' lang='grc' dir='ltr'><em>ἐστιβισμένη.</em></span> <span class='ocrx_word' id='word_1_153' title='bbox 651 1581 705 1588; x_wconf 81' lang='lat'><em>-</em></span> <span class='ocrx_word' id='word_1_154' title='bbox 734 1557 803 1598; x_wconf 85' lang='lat' dir='ltr'>Vs.</span> <span class='ocrx_word' id='word_1_155' title='bbox 820 1558 846 1596; x_wconf 86' lang='lat'><strong>6</strong></span> <span class='ocrx_word' id='word_1_156' title='bbox 875 1551 1257 1610; x_wconf 84' lang='grc' dir='ltr'><em>τρυφοκαλάσιριν]</em></span> <span class='ocrx_word' id='word_1_157' title='bbox 1288 1556 1396 1608; x_wconf 76' lang='lat' dir='ltr'>apud</span> <span class='ocrx_word' id='word_1_158' title='bbox 1425 1555 1637 1597; x_wconf 87' lang='lat' dir='ltr'>Pollucem</span> 
     </span>
     <span class='ocr_line' id='line_1_21' title="bbox 187 1619 1637 1680; baseline -0.001 -13"><span class='ocrx_word' id='word_1_159' title='bbox 187 1626 350 1667; x_wconf 80' lang='lat' dir='ltr'>additur</span> <span class='ocrx_word' id='word_1_160' title='bbox 379 1626 502 1678; x_wconf 82' lang='lat' dir='ltr'>vulgo</span> <span class='ocrx_word' id='word_1_161' title='bbox 531 1619 746 1677; x_wconf 86' lang='grc' dir='ltr'><em>γρύφωμα</em></span> <span class='ocrx_word' id='word_1_162' title='bbox 775 1621 986 1680; x_wconf 83' lang='grc' dir='ltr'><em>λάσειριν,</em></span> <span class='ocrx_word' id='word_1_163' title='bbox 1027 1626 1100 1666; x_wconf 85' lang='lat' dir='ltr'>sed</span> <span class='ocrx_word' id='word_1_164' title='bbox 1136 1631 1251 1666; x_wconf 90' lang='lat' dir='ltr'>recte</span> <span class='ocrx_word' id='word_1_165' title='bbox 1287 1626 1477 1665; x_wconf 89' lang='lat' dir='ltr'>omittunt</span> <span class='ocrx_word' id='word_1_166' title='bbox 1517 1626 1637 1667; x_wconf 85' lang='lat' dir='ltr'>codd.</span> 
     </span>
     <span class='ocr_line' id='line_1_22' title="bbox 191 1689 1640 1748; baseline -0.002 -12"><span class='ocrx_word' id='word_1_167' title='bbox 191 1695 457 1747; x_wconf 78' lang='lat' dir='ltr'>Hesychius:</span> <span class='ocrx_word' id='word_1_168' title='bbox 500 1689 876 1748; x_wconf 79' lang='grc' dir='ltr'><em>Τρυφοκαλάσιρις</em></span> <span class='ocrx_word' id='word_1_169' title='bbox 918 1695 1040 1744; x_wconf 91' lang='lat' dir='ltr'>(cod.</span> <span class='ocrx_word' id='word_1_170' title='bbox 1071 1691 1231 1748; x_wconf 75' lang='grc' dir='ltr'><em>τρύφος</em></span> <span class='ocrx_word' id='word_1_171' title='bbox 1259 1690 1534 1747; x_wconf 82' lang='grc' dir='ltr'><em>καλασιρὶς)·</em></span> <span class='ocrx_word' id='word_1_172' title='bbox 1571 1689 1640 1733; x_wconf 82' lang='grc' dir='ltr'><em>ἕν-</em></span> 
     </span>
     <span class='ocr_line' id='line_1_23' title="bbox 191 1758 1642 1816; baseline -0.001 -13"><span class='ocrx_word' id='word_1_173' title='bbox 191 1762 312 1816; x_wconf 85' lang='grc' dir='ltr'><em>δυμα</em></span> <span class='ocrx_word' id='word_1_174' title='bbox 359 1762 616 1815; x_wconf 75' lang='grc' dir='ltr'><em>γυναικεῖον.</em></span> <span class='ocrx_word' id='word_1_175' title='bbox 697 1763 832 1803; x_wconf 81' lang='lat' dir='ltr'>Idem:</span> <span class='ocrx_word' id='word_1_176' title='bbox 878 1759 1144 1816; x_wconf 80' lang='grc' dir='ltr'><em>Καλάοιρις·</em></span> <span class='ocrx_word' id='word_1_177' title='bbox 1187 1760 1319 1816; x_wconf 83' lang='grc' dir='ltr'><em>χιτών</em></span> <span class='ocrx_word' id='word_1_178' title='bbox 1363 1758 1642 1813; x_wconf 77' lang='grc' dir='ltr'><em>πλατὺσημος</em></span> 
     </span>
     <span class='ocr_line' id='line_1_24' title="bbox 190 1826 1641 1884; baseline 0 -14"><span class='ocrx_word' id='word_1_179' title='bbox 190 1826 220 1881; x_wconf 71' lang='grc' dir='ltr'>ἦ</span> <span class='ocrx_word' id='word_1_180' title='bbox 248 1827 461 1884; x_wconf 76' lang='grc' dir='ltr'><em>ἡνιοχικὸς</em></span> <span class='ocrx_word' id='word_1_181' title='bbox 489 1830 564 1870; x_wconf 82' lang='grc' dir='ltr'>καὶ</span> <span class='ocrx_word' id='word_1_182' title='bbox 594 1829 767 1878; x_wconf 85' lang='grc' dir='ltr'><em>ἱππικὸς</em></span> <span class='ocrx_word' id='word_1_183' title='bbox 791 1827 935 1884; x_wconf 79' lang='grc' dir='ltr'><em>χιτών.</em></span> <span class='ocrx_word' id='word_1_184' title='bbox 989 1829 1097 1871; x_wconf 80' lang='grc' dir='ltr'><em>ἔνιοι</em></span> <span class='ocrx_word' id='word_1_185' title='bbox 1125 1830 1170 1871; x_wconf 83' lang='grc' dir='ltr'>δὲ</span> <span class='ocrx_word' id='word_1_186' title='bbox 1198 1829 1345 1871; x_wconf 84' lang='grc' dir='ltr'><em>λινοῦν</em></span> <span class='ocrx_word' id='word_1_187' title='bbox 1372 1831 1445 1871; x_wconf 85' lang='grc' dir='ltr'>καὶ</span> <span class='ocrx_word' id='word_1_188' title='bbox 1473 1827 1641 1884; x_wconf 81' lang='grc' dir='ltr'><em>ποδήρη</em></span> 
     </span>
     <span class='ocr_line' id='line_1_25' title="bbox 188 1894 1641 1955; baseline -0.002 -16"><span class='ocrx_word' id='word_1_189' title='bbox 188 1898 352 1953; x_wconf 75' lang='grc' dir='ltr'><em>χιτῶνα</em></span> <span class='ocrx_word' id='word_1_190' title='bbox 404 1894 564 1951; x_wconf 72' lang='grc' dir='ltr'><em>ἰσχνόν.</em></span> <span class='ocrx_word' id='word_1_191' title='bbox 627 1895 956 1955; x_wconf 81' lang='grc' dir='ltr'><em>Ἀριστοφάνης</em></span> <span class='ocrx_word' id='word_1_192' title='bbox 996 1896 1465 1955; x_wconf 70' lang='grc' dir='ltr'><em>Θεσμοφοριαζούσαις.</em></span> <span class='ocrx_word' id='word_1_193' title='bbox 1529 1899 1641 1940; x_wconf 80' lang='grc' dir='ltr'>ἐλλὲ-</span> 
     </span>
     <span class='ocr_line' id='line_1_26' title="bbox 195 1965 1643 2024; baseline 0.001 -17"><span class='ocrx_word' id='word_1_194' title='bbox 195 1968 351 2021; x_wconf 82' lang='grc' dir='ltr'><em>βορόν]</em></span> <span class='ocrx_word' id='word_1_195' title='bbox 384 1970 488 2009; x_wconf 81' lang='lat' dir='ltr'>adde</span> <span class='ocrx_word' id='word_1_196' title='bbox 517 1970 794 2022; x_wconf 85' lang='lat' dir='ltr'>Hesychium:</span> <span class='ocrx_word' id='word_1_197' title='bbox 824 1969 1050 2024; x_wconf 77' lang='grc' dir='ltr'><em>ἑλλέβορον</em></span> <span class='ocrx_word' id='word_1_198' title='bbox 1078 1998 1134 2003; x_wconf 92' lang='grc'>--</span> <span class='ocrx_word' id='word_1_199' title='bbox 1162 1965 1190 2019; x_wconf 84' lang='grc' dir='ltr'><strong><em>ἢ</em></strong></span> <span class='ocrx_word' id='word_1_200' title='bbox 1215 1966 1375 2023; x_wconf 85' lang='grc' dir='ltr'><em>κόσμος</em></span> <span class='ocrx_word' id='word_1_201' title='bbox 1406 1969 1643 2020; x_wconf 69' lang='grc' dir='ltr'><em>γυναικεῖος</em></span> 
     </span>
    </p>
   </div>
   <div class='ocr_carea' id='block_1_3' title="bbox 188 2036 1713 2092">
    <p class='ocr_par' dir='ltr' id='par_1_3' title="bbox 188 2036 1713 2092">
     <span class='ocr_line' id='line_1_27' title="bbox 188 2036 1713 2092; baseline 0.001 -16"><span class='ocrx_word' id='word_1_202' title='bbox 188 2036 389 2092; x_wconf 82' lang='grc' dir='ltr'><em>χρυσοῦς.</em></span> <span class='ocrx_word' id='word_1_203' title='bbox 447 2063 500 2070; x_wconf 85' lang='lat'>—</span> <span class='ocrx_word' id='word_1_204' title='bbox 544 2039 614 2079; x_wconf 88' lang='lat' dir='ltr'>Vs.</span> <span class='ocrx_word' id='word_1_205' title='bbox 630 2041 671 2078; x_wconf 51' lang='grc'>«7</span> <span class='ocrx_word' id='word_1_206' title='bbox 713 2037 832 2090; x_wconf 76' lang='grc' dir='ltr'><em>ζῶμα</em></span> <span class='ocrx_word' id='word_1_207' title='bbox 872 2041 1076 2088; x_wconf 85' lang='lat' dir='ltr'>Clemens,</span> <span class='ocrx_word' id='word_1_208' title='bbox 1116 2041 1224 2091; x_wconf 82' lang='lat' dir='ltr'>apud</span> <span class='ocrx_word' id='word_1_209' title='bbox 1254 2040 1463 2080; x_wconf 90' lang='lat' dir='ltr'>Pollucem</span> <span class='ocrx_word' id='word_1_210' title='bbox 1493 2040 1643 2091; x_wconf 81' lang='lat' dir='ltr'>legitur</span> <span class='ocrx_word' id='word_1_211' title='bbox 1712 2066 1713 2070; x_wconf 66' lang='lat'>,</span> 
     </span>
    </p>
   </div>
   <div class='ocr_carea' id='block_1_4' title="bbox 193 2101 1643 2161">
    <p class='ocr_par' dir='ltr' id='par_1_4' title="bbox 193 2101 1643 2161">
     <span class='ocr_line' id='line_1_28' title="bbox 193 2101 1643 2161; baseline 0.003 -16"><span class='ocrx_word' id='word_1_212' title='bbox 193 2104 355 2158; x_wconf 76' lang='grc' dir='ltr'><em>ζῶσμα.</em></span> <span class='ocrx_word' id='word_1_213' title='bbox 389 2101 632 2158; x_wconf 81' lang='grc' dir='ltr'><em>ἆμπέχονον</em></span> <span class='ocrx_word' id='word_1_214' title='bbox 653 2109 832 2148; x_wconf 87' lang='lat' dir='ltr'>Pollucis</span> <span class='ocrx_word' id='word_1_215' title='bbox 854 2109 973 2149; x_wconf 88' lang='lat' dir='ltr'>codd.</span> <span class='ocrx_word' id='word_1_216' title='bbox 1005 2110 1136 2161; x_wconf 81' lang='lat' dir='ltr'>Vulgo</span> <span class='ocrx_word' id='word_1_217' title='bbox 1158 2104 1393 2161; x_wconf 76' lang='grc' dir='ltr'><em>ἀμπεχόνη.</em></span> <span class='ocrx_word' id='word_1_218' title='bbox 1423 2109 1643 2149; x_wconf 79' lang='lat' dir='ltr'>Salmasius</span> 
     </span>
    </p>
   </div>
   <div class='ocr_carea' id='block_1_5' title="bbox 194 2170 1646 2368">
    <p class='ocr_par' dir='ltr' id='par_1_5' title="bbox 194 2170 1713 2368">
     <span class='ocr_line' id='line_1_29' title="bbox 194 2170 1643 2231; baseline -0.001 -15"><span class='ocrx_word' id='word_1_219' title='bbox 194 2176 355 2228; x_wconf 84' lang='lat' dir='ltr'>scripsit</span> <span class='ocrx_word' id='word_1_220' title='bbox 385 2170 651 2227; x_wconf 78' lang='grc' dir='ltr'><em>ἀμπεχόνην,</em></span> <span class='ocrx_word' id='word_1_221' title='bbox 685 2178 792 2229; x_wconf 76' lang='lat' dir='ltr'>apud</span> <span class='ocrx_word' id='word_1_222' title='bbox 818 2178 1072 2217; x_wconf 85' lang='lat' dir='ltr'>Clementem</span> <span class='ocrx_word' id='word_1_223' title='bbox 1101 2172 1372 2230; x_wconf 73' lang='grc' dir='ltr'><em>ἀμπεχόνιον.</em></span> <span class='ocrx_word' id='word_1_224' title='bbox 1412 2173 1643 2231; x_wconf 80' lang='grc' dir='ltr'><em>τρύφημα]</em></span> 
     </span>
     <span class='ocr_line' id='line_1_30' title="bbox 195 2239 1646 2298; baseline 0.001 -15"><span class='ocrx_word' id='word_1_225' title='bbox 195 2239 408 2297; x_wconf 85' lang='grc' dir='ltr'><em>πόρπημα</em></span> <span class='ocrx_word' id='word_1_226' title='bbox 438 2245 661 2287; x_wconf 76' lang='lat' dir='ltr'>Salmasius</span> <span class='ocrx_word' id='word_1_227' title='bbox 691 2248 836 2286; x_wconf 75' lang='lat' dir='ltr'>Exere.</span> <span class='ocrx_word' id='word_1_228' title='bbox 868 2246 972 2286; x_wconf 89' lang='lat' dir='ltr'>Plin.</span> <span class='ocrx_word' id='word_1_229' title='bbox 1004 2260 1044 2298; x_wconf 89' lang='lat' dir='ltr'>p.</span> <span class='ocrx_word' id='word_1_230' title='bbox 1074 2247 1172 2286; x_wconf 84' lang='lat'>808.</span> <span class='ocrx_word' id='word_1_231' title='bbox 1221 2246 1322 2286; x_wconf 26' lang='lat' dir='ltr'>ssed</span> <span class='ocrx_word' id='word_1_232' title='bbox 1361 2251 1475 2286; x_wconf 89' lang='lat' dir='ltr'>recte</span> <span class='ocrx_word' id='word_1_233' title='bbox 1512 2246 1646 2286; x_wconf 87' lang='lat' dir='ltr'>Fritz-</span> 
     </span>
     <span class='ocr_line' id='line_1_31' title="bbox 194 2310 1645 2368; baseline -0.001 -14"><span class='ocrx_word' id='word_1_234' title='bbox 194 2314 332 2354; x_wconf 79' lang='lat' dir='ltr'>schius</span> <span class='ocrx_word' id='word_1_235' title='bbox 359 2314 564 2354; x_wconf 82' lang='lat' dir='ltr'>coniunxit</span> <span class='ocrx_word' id='word_1_236' title='bbox 595 2310 800 2368; x_wconf 84' lang='grc' dir='ltr'><em>τρύφημα</em></span> <span class='ocrx_word' id='word_1_237' title='bbox 823 2313 1032 2368; x_wconf 82' lang='grc' dir='ltr'><em>παρυφὲς,</em></span> <span class='ocrx_word' id='word_1_238' title='bbox 1064 2328 1305 2366; x_wconf 78' lang='lat' dir='ltr'>quamquam</span> <span class='ocrx_word' id='word_1_239' title='bbox 1335 2315 1435 2354; x_wconf 78' lang='lat' dir='ltr'>alias</span> <span class='ocrx_word' id='word_1_240' title='bbox 1463 2315 1523 2354; x_wconf 89' lang='lat' dir='ltr'>sic</span> <span class='ocrx_word' id='word_1_241' title='bbox 1550 2314 1645 2354; x_wconf 88' lang='lat' dir='ltr'>sim·</span> 
     </span>
    </p>
   </div>
   <div class='ocr_carea' id='block_1_6' title="bbox 195 2383 1711 2574">
    <p class='ocr_par' dir='ltr' id='par_1_6' title="bbox 195 2383 1711 2574">
     <span class='ocr_line' id='line_1_32' title="bbox 195 2383 1711 2438; baseline 0.001 -17"><span class='ocrx_word' id='word_1_242' title='bbox 195 2384 360 2435; x_wconf 87' lang='lat' dir='ltr'>pliciter</span> <span class='ocrx_word' id='word_1_243' title='bbox 396 2384 590 2437; x_wconf 78' lang='grc' dir='ltr'><em>παρυφὲς</em></span> <span class='ocrx_word' id='word_1_244' title='bbox 627 2384 795 2433; x_wconf 87' lang='lat' dir='ltr'>dicitur,</span> <span class='ocrx_word' id='word_1_245' title='bbox 845 2385 925 2425; x_wconf 87' lang='lat' dir='ltr'>vid.</span> <span class='ocrx_word' id='word_1_246' title='bbox 969 2385 1114 2424; x_wconf 85' lang='lat' dir='ltr'>Pollux</span> <span class='ocrx_word' id='word_1_247' title='bbox 1152 2384 1230 2426; x_wconf 87' lang='lat' dir='ltr'>V11</span> <span class='ocrx_word' id='word_1_248' title='bbox 1278 2383 1346 2423; x_wconf 85' lang='lat'>55.</span> <span class='ocrx_word' id='word_1_249' title='bbox 1405 2408 1459 2414; x_wconf 92' lang='lat'>——</span> <span class='ocrx_word' id='word_1_250' title='bbox 1520 2383 1589 2424; x_wconf 93' lang='lat' dir='ltr'>Vs.</span> <span class='ocrx_word' id='word_1_251' title='bbox 1619 2383 1647 2422; x_wconf 89' lang='lat'>8</span> <span class='ocrx_word' id='word_1_252' title='bbox 1710 2404 1711 2438; x_wconf 67' lang='lat' dir='ltr'>j</span> 
     </span>
     <span class='ocr_line' id='line_1_33' title="bbox 195 2448 1711 2505; baseline 0 -16"><span class='ocrx_word' id='word_1_253' title='bbox 195 2449 378 2503; x_wconf 75' lang='grc' dir='ltr'><em>χιτῶνα]</em></span> <span class='ocrx_word' id='word_1_254' title='bbox 408 2450 582 2491; x_wconf 75' lang='grc' dir='ltr'><em>κιθῶνα</em></span> <span class='ocrx_word' id='word_1_255' title='bbox 614 2454 818 2493; x_wconf 87' lang='lat' dir='ltr'>Clemens.</span> <span class='ocrx_word' id='word_1_256' title='bbox 855 2448 1130 2505; x_wconf 75' lang='grc' dir='ltr'><em>κομμώτριον</em></span> <span class='ocrx_word' id='word_1_257' title='bbox 1159 2452 1490 2504; x_wconf 80' lang='lat' dir='ltr'>lungermannus.</span> <span class='ocrx_word' id='word_1_258' title='bbox 1527 2451 1647 2503; x_wconf 89' lang='lat' dir='ltr'>Apud</span> <span class='ocrx_word' id='word_1_259' title='bbox 1709 2471 1711 2503; x_wconf 67' lang='lat'>5</span> 
     </span>
     <span class='ocr_line' id='line_1_34' title="bbox 196 2516 1711 2574; baseline 0 -15"><span class='ocrx_word' id='word_1_260' title='bbox 196 2520 407 2560; x_wconf 87' lang='lat' dir='ltr'>Pollucem</span> <span class='ocrx_word' id='word_1_261' title='bbox 436 2518 766 2574; x_wconf 84' lang='grc' dir='ltr'><em>κομμωτρίδιον,</em></span> <span class='ocrx_word' id='word_1_262' title='bbox 798 2523 905 2574; x_wconf 83' lang='lat' dir='ltr'>apud</span> <span class='ocrx_word' id='word_1_263' title='bbox 925 2523 1178 2562; x_wconf 88' lang='lat' dir='ltr'>Clementem</span> <span class='ocrx_word' id='word_1_264' title='bbox 1204 2516 1419 2572; x_wconf 78' lang='grc' dir='ltr'><em>χιτώνιον.</em></span> <span class='ocrx_word' id='word_1_265' title='bbox 1448 2546 1504 2552; x_wconf 87' lang='lat'>—-</span> <span class='ocrx_word' id='word_1_266' title='bbox 1532 2521 1646 2561; x_wconf 79' lang='lat' dir='ltr'>Vs.9</span> <span class='ocrx_word' id='word_1_267' title='bbox 1708 2516 1711 2565; x_wconf 70' lang='lat' dir='ltr'>J</span> 
     </span>
    </p>
   </div>
   <div class='ocr_carea' id='block_1_7' title="bbox 197 2581 1648 2711">
    <p class='ocr_par' dir='ltr' id='par_1_7' title="bbox 197 2581 1648 2711">
     <span class='ocr_line' id='line_1_35' title="bbox 199 2581 1647 2644; baseline -0.001 -17"><span class='ocrx_word' id='word_1_268' title='bbox 199 2589 308 2641; x_wconf 77' lang='lat' dir='ltr'>apud</span> <span class='ocrx_word' id='word_1_269' title='bbox 343 2590 553 2631; x_wconf 79' lang='lat' dir='ltr'>Pollucem</span> <span class='ocrx_word' id='word_1_270' title='bbox 583 2591 688 2630; x_wconf 83' lang='lat' dir='ltr'>haec</span> <span class='ocrx_word' id='word_1_271' title='bbox 715 2592 909 2642; x_wconf 81' lang='lat' dir='ltr'>leguntur</span> <span class='ocrx_word' id='word_1_272' title='bbox 947 2585 1067 2644; x_wconf 77' lang='grc' dir='ltr'><em>ἕτερά</em></span> <span class='ocrx_word' id='word_1_273' title='bbox 1095 2603 1138 2628; x_wconf 73' lang='grc' dir='ltr'>τε</span> <span class='ocrx_word' id='word_1_274' title='bbox 1169 2582 1256 2629; x_wconf 80' lang='grc' dir='ltr'>ὅσα</span> <span class='ocrx_word' id='word_1_275' title='bbox 1285 2586 1425 2634; x_wconf 73' lang='grc' dir='ltr'><em>οὐδεὶς</em></span> <span class='ocrx_word' id='word_1_276' title='bbox 1447 2581 1511 2625; x_wconf 67' lang='grc' dir='ltr'>’ἂν</span> <span class='ocrx_word' id='word_1_277' title='bbox 1538 2599 1647 2639; x_wconf 91' lang='grc' dir='ltr'><em>μνη-</em></span> 
     </span>
     <span class='ocr_line' id='line_1_36' title="bbox 197 2654 1648 2711; baseline -0.001 -13"><span class='ocrx_word' id='word_1_278' title='bbox 197 2654 419 2710; x_wconf 74' lang='grc' dir='ltr'><em>μονεύσειέ</em></span> <span class='ocrx_word' id='word_1_279' title='bbox 448 2673 551 2698; x_wconf 88' lang='grc' dir='ltr'><em>ποτε</em></span> <span class='ocrx_word' id='word_1_280' title='bbox 579 2659 724 2710; x_wconf 83' lang='grc' dir='ltr'><em>λέγων.</em></span> <span class='ocrx_word' id='word_1_281' title='bbox 765 2673 814 2700; x_wconf 83' lang='lat' dir='ltr'>ex</span> <span class='ocrx_word' id='word_1_282' title='bbox 844 2661 991 2711; x_wconf 85' lang='lat' dir='ltr'>quibus</span> <span class='ocrx_word' id='word_1_283' title='bbox 1021 2660 1250 2699; x_wconf 83' lang='lat' dir='ltr'>Brunckius</span> <span class='ocrx_word' id='word_1_284' title='bbox 1278 2659 1505 2698; x_wconf 85' lang='lat' dir='ltr'>trimetrum</span> <span class='ocrx_word' id='word_1_285' title='bbox 1537 2670 1648 2697; x_wconf 90' lang='lat' dir='ltr'>com-</span> 
     </span>
    </p>
   </div>
   <div class='ocr_carea' id='block_1_8' title="bbox 132 2721 1709 2783">
    <p class='ocr_par' dir='ltr' id='par_1_8' title="bbox 132 2721 1709 2783">
     <span class='ocr_line' id='line_1_37' title="bbox 132 2721 1709 2783; baseline -0.005 -13"><span class='ocrx_word' id='word_1_286' title='bbox 132 2758 136 2760; x_wconf 88' lang='lat'><em>-</em></span> <span class='ocrx_word' id='word_1_287' title='bbox 198 2729 358 2783; x_wconf 86' lang='lat' dir='ltr'>posuit:</span> <span class='ocrx_word' id='word_1_288' title='bbox 385 2721 546 2783; x_wconf 73' lang='grc' dir='ltr'><em>“Ἐτερά</em></span> <span class='ocrx_word' id='word_1_289' title='bbox 584 2725 629 2781; x_wconf 83' lang='grc' dir='ltr'>γ’</span> <span class='ocrx_word' id='word_1_290' title='bbox 661 2721 733 2769; x_wconf 76' lang='grc' dir='ltr'>ὁ’σ’</span> <span class='ocrx_word' id='word_1_291' title='bbox 774 2725 914 2777; x_wconf 72' lang='grc' dir='ltr'><em>οὐδεὶς</em></span> <span class='ocrx_word' id='word_1_292' title='bbox 950 2724 1287 2782; x_wconf 79' lang='grc' dir='ltr'><em>μνημονεύσειέν</em></span> <span class='ocrx_word' id='word_1_293' title='bbox 1318 2722 1420 2768; x_wconf 83' lang='grc' dir='ltr'><em>ποτ’</em></span> <span class='ocrx_word' id='word_1_294' title='bbox 1457 2722 1538 2777; x_wconf 79' lang='grc' dir='ltr'><em>ἄν,</em></span> <span class='ocrx_word' id='word_1_295' title='bbox 1575 2727 1649 2767; x_wconf 84' lang='lat' dir='ltr'>sed</span> <span class='ocrx_word' id='word_1_296' title='bbox 1707 2735 1709 2762; x_wconf 74' lang='grc' dir='ltr'><em>ς</em></span> 
     </span>
    </p>
   </div>
  </div>
 </body>
</html>
