1716 3164
539 133 804 177 FABULAE
837 132 1142 176 lNcERTAE.
1474 134 1587 179 1188

788 246 917 291 XXV.

373 331 478 378 Ἵνα
508 335 698 395 ξυνῶσιν
728 328 843 394 ᾧπερ
874 329 1076 387 ἥδεσθον
1105 333 1202 393 βίῳ,

386 419 612 473 σκώληκας
642 419 850 464 §afflone
881 420 957 461 καὶ
985 418 1274 478 μυλακρὶδας.
1304 450 1307 453 -

215 510 362 551 Pollux
403 510 442 550 11
485 510 588 550 189:
633 504 704 548 ‘H
743 507 896 563 μέντοι
942 502 1151 563 κωμῳδία
1188 500 1219 556 ἢ
1255 502 1338 556 την
1373 500 1583 563 ἆλετρὶδα

102 577 352 635 μυλακρίδα
389 578 518 620 καλεῖ
549 574 577 629 ἢ
607 574 715 636 ζῷόν
754 593 796 620 τι
825 576 873 618 ἐν
901 575 963 634 τῷ
995 574 1183 631 μύλωνι·
1214 570 1320 617 Ἵνα
1358 574 1450 628 ξυν.
1490 578 1582 627 κτλ,

106 654 170 695 De
197 666 301 694 voce
327 649 542 707 μνλακρὶς
570 651 626 693 of.
657 651 736 694 Vll
768 652 847 692 19:
879 648 974 691 Καὶ
1003 645 1032 700 ἡ
1061 647 1192 691 ἔνδον
1218 645 1328 705 τίφη
1356 647 1585 707 μυληθρὶς

101 724 176 764 καὶ
203 718 430 778 μυλακρίς.

762 777 917 820 XXVI.

434 858 521 911 ’.Ως
550 857 630 916 οὐχ
662 860 807 918 ἕτερον
835 857 979 917 ἄνδρα
1009 855 1231 916 σάρκινον.

214 950 361 991 Pollux
391 949 432 989 11
465 949 571 990 233:
610 942 948 1003 Ἀριστοφάνης
979 945 1026 988 δὲ
1054 945 1242 1002 εἴρηκεν·
1268 941 1355 996 ἰ,Ως
1385 945 1462 1004 οὐχ
1490 950 1580 994 κτλ.

97 1016 155 1068 ὠς
183 1015 262 1074 οὐχ
293 1018 438 1075 ἕτερον
467 1033 550 1062 οω.
580 1020 712 1062 codex
745 1021 955 1073 Iungerm.

621 1111 797 1154 XXVII.
860 1111 1057 1154 XXVIII.

328 1193 538 1249 Φθέγξαι
567 1192 624 1237 σὺ
652 1194 733 1246 τὴν
765 1193 920 1250 φωνὴν
949 1189 1207 1247 ἀναστήσας
1236 1190 1344 1238 ἄνω.

330 1280 528 1336 Φθέγμα
556 1277 800 1337 κεκράτηκε.

213 1368 360 1409 Pollux
393 1369 448 1410 lV
480 1369 588 1409 114:
633 1366 726 1407 Καὶ
762 1361 1098 1422 Ἀριστοφάνης
1128 1363 1215 1407 πού
1245 1377 1378 1422 φησι·
1422 1363 1579 1418 Φθέγ·

99 1435 171 1489 ξαι
201 1435 257 1478 σύ
285 1435 368 1488 τὴν
396 1452 444 1494 φ.
477 1434 807 1493 ἀναστοιχήσας
836 1433 953 1478 ἅνω·
986 1433 1010 1478 ὁ
1041 1433 1087 1477 δ’
1120 1435 1254 1487 αὐτὸς
1282 1437 1359 1478 καὶ
1389 1436 1580 1492 φθέγμα

14 1530 15 1533 =
98 1504 340 1562 κεκράτηκε.
400 1511 758 1565 Falckenburgius
790 1505 1107 1563 άνατειχήσας,
1146 1511 1257 1564 quod
1288 1510 1393 1552 ferri
1423 1510 1578 1562 nequit.

100 1581 255 1634 Scripsi
304 1577 654 1632 ἀναστήσας,
704 1582 1052 1636 quemadmodum
1095 1577 1275 1622 ἱστάναι
1322 1575 1456 1633 βοήν,
1501 1580 1581 1621 nisi

102 1652 194 1703 quis
223 1653 338 1692 malit
366 1649 599 1702 ἀνατείνας
629 1649 734 1694 ἄνω.
776 1655 862 1696 Sed
891 1648 1115 1694 άνασείειν
1145 1648 1272 1705 βοήν,
1303 1653 1413 1705 quod
1444 1656 1507 1692 est
1536 1652 1579 1693 in

105 1722 359 1764 Acharneus.
398 1737 438 1765 v.
477 1725 583 1775 347,
635 1739 734 1767 cave
785 1728 854 1767 hio
895 1739 1063 1779 quoque
1103 1725 1312 1766 restituas.
1390 1723 1580 1765 Alterum

103 1793 382 1848 fragmentum
411 1795 591 1838 fortasse
621 1797 724 1839 fuit:
757 1795 869 1837 Καὶ
900 1796 1091 1853 φθέγμα
1113 1791 1364 1852 κεκράτηκε.

757 1888 910 1931 XXlX.

305 1967 360 2011 Τι’
389 1967 440 2012 τὸ
467 1968 630 2024 κακῶς
662 1967 765 2013 ἀλλ’
798 1962 826 2024 ἦ
856 1968 1097 2027 κοκκύμηλ’
1128 1968 1375 2028 ἠκρατὶσω,·

212 2057 362 2098 Pollux
392 2058 450 2100 Vl
490 2060 569 2099 24:
604 2053 736 2099 ’'Eou
783 2057 830 2099 δὲ
870 2057 923 2101 τὸ
967 2054 1310 2115 άκρατίσασθαι
1346 2055 1423 2096 καὶ
1459 2053 1581 2111 παρὰ

97 2126 188 2175 τοῖς
217 2127 423 2177 παλαιοῖς
451 2128 527 2169 καὶ
558 2127 679 2184 παρὰ
705 2125 1052 2187 Ἀριστοφάνει·
1088 2126 1143 2170 Τι’
1172 2129 1222 2170 τὸ
1252 2125 1388 2168 κακὸν
1417 2125 1507 2167 κτλ.

773 2222 903 2262 XXX.

391 2299 481 2342 Τὸν
512 2302 706 2357 Πειραιᾶ
729 2302 775 2344 δὲ
803 2302 865 2357 μή
897 2300 1134 2356 κεναγγίαν
1161 2298 1296 2355 ἄγειν.

212 2379 357 2422 Pollux
389 2383 445 2424 VI
475 2384 555 2423 31:
597 2379 791 2423 Πλάτων
830 2382 877 2423 δὲ
906 2380 1094 2436 κωμικὸς
1133 2382 1209 2422 καὶ
1248 2378 1483 2434 κεναγγιᾶν
1519 2379 1578 2422 εἴ.

98 2463 220 2503 ρηκε,
250 2446 456 2506 Ξενοφῶν
485 2451 531 2493 δὲ
560 2450 778 2508 βούλιμον
807 2453 1067 2508 (βουλιμιᾶν
1097 2453 1363 2494 scribendum
1393 2453 1577 2505 videtur)

13 2522 16 2526 '
98 2521 171 2560 καὶ
199 2516 512 2575 Ἀριστοτέλης
543 2522 588 2564 δὲ
620 2522 699 2565 τὸν
727 2525 944 2580 Πειραιέα
974 2523 1036 2580 μὴ
1066 2520 1304 2578 κεναγγίαν
1334 2518 1470 2575 ἄγειν.
1501 2525 1576 2565 sed

15 2604 17 2613 ’
100 2593 190 2634 cod.
222 2594 429 2648 luugerm.
461 2598 510 2637 A.
543 2597 591 2638 V.
622 2598 700 2638 aL:
736 2593 1068 2652 Ἀριστοφάνης
1099 2595 1144 2636 δὲ
1175 2593 1254 2637 τὸν
1283 2591 1462 2649 πειραιᾶ
1488 2596 1576 2643 (vel

100 2663 269 2718 πειρὲα)
296 2665 388 2710 κτλ.
449 2668 582 2708 Recte
613 2669 850 2711 Meinekius
881 2669 918 2711 11
949 2668 977 2710 2
1006 2683 1046 2723 p.
1077 2670 1162 2710 667
1201 2664 1279 2708 τὸν
1308 2664 1503 2723 Πειραιᾶ
1527 2664 1574 2707 δὲ

101 2736 291 2777 correxit.
