<?xml version="1.0" encoding="UTF-8"?>
<!DOCTYPE html PUBLIC "-//W3C//DTD XHTML 1.0 Transitional//EN"
    "http://www.w3.org/TR/xhtml1/DTD/xhtml1-transitional.dtd">
<html xmlns="http://www.w3.org/1999/xhtml" xml:lang="en" lang="en">
 <head>
  <title>
</title>
<meta http-equiv="Content-Type" content="text/html;charset=utf-8" />
  <meta name='ocr-system' content='tesseract 3.04.00' />
  <meta name='ocr-capabilities' content='ocr_page ocr_carea ocr_par ocr_line ocrx_word'/>
</head>
<body>
  <div class='ocr_page' id='page_1' title='image "./fragmentacomicor02meinuoft_0110.png"; bbox 0 0 1716 3158; ppageno 0'>
   <div class='ocr_carea' id='block_1_1' title="bbox 211 155 1053 219">
    <p class='ocr_par' dir='ltr' id='par_1_1' title="bbox 211 155 1053 219">
     <span class='ocr_line' id='line_1_1' title="bbox 211 155 1053 219; baseline 0.005 -24"><span class='ocrx_word' id='word_1_1' title='bbox 211 155 295 195; x_wconf 73' lang='lat' dir='ltr'><strong>we</strong></span> <span class='ocrx_word' id='word_1_2' title='bbox 711 216 713 219; x_wconf 16' lang='grc' dir='ltr'>Ι</span> <span class='ocrx_word' id='word_1_3' title='bbox 788 157 1053 200; x_wconf 74' lang='lat' dir='ltr'><strong>AMIPSIAE</strong></span> 
     </span>
    </p>
   </div>
   <div class='ocr_carea' id='block_1_2' title="bbox 476 294 1385 430">
    <p class='ocr_par' dir='ltr' id='par_1_2' title="bbox 476 294 1385 430">
     <span class='ocr_line' id='line_1_2' title="bbox 910 294 963 335; baseline 0.019 -1"><span class='ocrx_word' id='word_1_4' title='bbox 910 294 963 335; x_wconf 78' lang='grc' dir='ltr'><strong>Π.</strong></span> 
     </span>
     <span class='ocr_line' id='line_1_3' title="bbox 476 364 1385 430; baseline 0.012 -18"><span class='ocrx_word' id='word_1_5' title='bbox 476 364 630 426; x_wconf 75' lang='grc' dir='ltr'><em>Λαγόν</em></span> <span class='ocrx_word' id='word_1_6' title='bbox 660 371 848 430; x_wconf 76' lang='grc' dir='ltr'><strong><em>ταράξας</em></strong></span> <span class='ocrx_word' id='word_1_7' title='bbox 877 375 984 417; x_wconf 88' lang='grc' dir='ltr'><strong><em>πῖθι</em></strong></span> <span class='ocrx_word' id='word_1_8' title='bbox 1013 373 1090 417; x_wconf 89' lang='grc' dir='ltr'><em>τὸν</em></span> <span class='ocrx_word' id='word_1_9' title='bbox 1118 374 1385 424; x_wconf 76' lang='grc' dir='ltr'><strong><em>θαλάσσιον.</em></strong></span> 
     </span>
    </p>
   </div>
   <div class='ocr_carea' id='block_1_3' title="bbox 206 485 1716 1931">
    <p class='ocr_par' dir='ltr' id='par_1_3' title="bbox 208 485 1662 677">
     <span class='ocr_line' id='line_1_4' title="bbox 325 485 1662 542; baseline 0.007 -16"><span class='ocrx_word' id='word_1_10' title='bbox 325 485 560 526; x_wconf 78' lang='lat' dir='ltr'>Athenaeus</span> <span class='ocrx_word' id='word_1_11' title='bbox 589 486 627 526; x_wconf 89' lang='lat' dir='ltr'>X</span> <span class='ocrx_word' id='word_1_12' title='bbox 667 500 707 540; x_wconf 88' lang='lat' dir='ltr'><strong>p.</strong></span> <span class='ocrx_word' id='word_1_13' title='bbox 737 488 819 527; x_wconf 87' lang='grc'><strong>446</strong></span> <span class='ocrx_word' id='word_1_14' title='bbox 835 488 873 528; x_wconf 88' lang='lat' dir='ltr'><strong>d.</strong></span> <span class='ocrx_word' id='word_1_15' title='bbox 917 489 970 529; x_wconf 89' lang='lat' dir='ltr'><strong>de</strong></span> <span class='ocrx_word' id='word_1_16' title='bbox 1011 489 1249 542; x_wconf 86' lang='lat' dir='ltr'><strong>imperativo</strong></span> <span class='ocrx_word' id='word_1_17' title='bbox 1290 492 1396 532; x_wconf 85' lang='grc' dir='ltr'><strong><em>πῖθι</em></strong></span> <span class='ocrx_word' id='word_1_18' title='bbox 1435 495 1662 535; x_wconf 83' lang='lat' dir='ltr'><strong>disserens:</strong></span> 
     </span>
     <span class='ocr_line' id='line_1_5' title="bbox 208 547 1658 615; baseline 0.009 -23"><span class='ocrx_word' id='word_1_19' title='bbox 208 547 448 607; x_wconf 74' lang='grc' dir='ltr'><strong>Ἀμειψίας</strong></span> <span class='ocrx_word' id='word_1_20' title='bbox 485 551 716 610; x_wconf 73' lang='grc' dir='ltr'><em>Σφενδόνῃ</em></span> <span class='ocrx_word' id='word_1_21' title='bbox 755 552 908 608; x_wconf 81' lang='grc' dir='ltr'><em>Λαγόν</em></span> <span class='ocrx_word' id='word_1_22' title='bbox 946 554 1136 612; x_wconf 77' lang='grc' dir='ltr'><em>ταράξας</em></span> <span class='ocrx_word' id='word_1_23' title='bbox 1163 558 1252 601; x_wconf 86' lang='grc' dir='ltr'><em>κτλ.</em></span> <span class='ocrx_word' id='word_1_24' title='bbox 1296 569 1337 602; x_wconf 90' lang='lat' dir='ltr'><strong>et</strong></span> <span class='ocrx_word' id='word_1_25' title='bbox 1367 562 1424 603; x_wconf 85' lang='lat' dir='ltr'><strong>IX</strong></span> <span class='ocrx_word' id='word_1_26' title='bbox 1452 577 1493 615; x_wconf 88' lang='lat' dir='ltr'><strong>p.</strong></span> <span class='ocrx_word' id='word_1_27' title='bbox 1522 565 1605 603; x_wconf 96' lang='grc'><strong>400</strong></span> <span class='ocrx_word' id='word_1_28' title='bbox 1623 577 1658 605; x_wconf 85' lang='lat' dir='ltr'><strong>c.</strong></span> 
     </span>
     <span class='ocr_line' id='line_1_6' title="bbox 212 619 718 677; baseline 0 -15"><span class='ocrx_word' id='word_1_29' title='bbox 212 620 262 662; x_wconf 88' lang='grc' dir='ltr'><strong>τὸ</strong></span> <span class='ocrx_word' id='word_1_30' title='bbox 291 624 371 677; x_wconf 75' lang='grc' dir='ltr'><em>μὲν</em></span> <span class='ocrx_word' id='word_1_31' title='bbox 396 619 546 664; x_wconf 83' lang='grc' dir='ltr'><em>Ἰακὸν</em></span> <span class='ocrx_word' id='word_1_32' title='bbox 575 620 718 676; x_wconf 80' lang='grc' dir='ltr'><em>λαγός,</em></span> 
     </span>
    </p>

    <p class='ocr_par' dir='ltr' id='par_1_4' title="bbox 206 689 1716 1931">
     <span class='ocr_line' id='line_1_7' title="bbox 495 689 1384 749; baseline 0.01 -18"><span class='ocrx_word' id='word_1_33' title='bbox 495 690 631 745; x_wconf 73' lang='grc' dir='ltr'><em>λαγὸν</em></span> <span class='ocrx_word' id='word_1_34' title='bbox 660 689 849 749; x_wconf 78' lang='grc' dir='ltr'><em>ταράξας</em></span> <span class='ocrx_word' id='word_1_35' title='bbox 877 695 984 735; x_wconf 83' lang='grc' dir='ltr'><strong><em>πῖθι</em></strong></span> <span class='ocrx_word' id='word_1_36' title='bbox 1012 693 1090 736; x_wconf 86' lang='grc' dir='ltr'><em>τὸν</em></span> <span class='ocrx_word' id='word_1_37' title='bbox 1117 689 1384 740; x_wconf 80' lang='grc' dir='ltr'><em>θαλάσσιον.</em></span> 
     </span>
     <span class='ocr_line' id='line_1_8' title="bbox 209 758 1662 818; baseline 0.008 -18"><span class='ocrx_word' id='word_1_38' title='bbox 209 759 259 801; x_wconf 81' lang='grc' dir='ltr'><strong>τὸ</strong></span> <span class='ocrx_word' id='word_1_39' title='bbox 291 760 337 801; x_wconf 80' lang='grc' dir='ltr'><strong>δὲ</strong></span> <span class='ocrx_word' id='word_1_40' title='bbox 366 760 506 814; x_wconf 75' lang='grc' dir='ltr'><em>λαγώς</em></span> <span class='ocrx_word' id='word_1_41' title='bbox 535 758 722 804; x_wconf 74' lang='grc' dir='ltr'><em>ἀττικόν.</em></span> <span class='ocrx_word' id='word_1_42' title='bbox 782 765 910 816; x_wconf 86' lang='lat' dir='ltr'><strong>quue</strong></span> <span class='ocrx_word' id='word_1_43' title='bbox 948 766 1079 818; x_wconf 88' lang='lat' dir='ltr'><strong>ipsum</strong></span> <span class='ocrx_word' id='word_1_44' title='bbox 1123 768 1286 808; x_wconf 86' lang='lat' dir='ltr'><strong>exhibet</strong></span> <span class='ocrx_word' id='word_1_45' title='bbox 1323 769 1539 810; x_wconf 81' lang='lat' dir='ltr'>scholiasta</span> <span class='ocrx_word' id='word_1_46' title='bbox 1571 772 1662 811; x_wconf 85' lang='lat' dir='ltr'><strong>Ari-</strong></span> 
     </span>
     <span class='ocr_line' id='line_1_9' title="bbox 210 824 1662 892; baseline 0.004 -20"><span class='ocrx_word' id='word_1_47' title='bbox 210 832 346 884; x_wconf 85' lang='lat' dir='ltr'><strong>stoph.</strong></span> <span class='ocrx_word' id='word_1_48' title='bbox 376 832 502 885; x_wconf 85' lang='lat' dir='ltr'><strong>Vesp.</strong></span> <span class='ocrx_word' id='word_1_49' title='bbox 530 824 664 873; x_wconf 80' lang='lat'>148‘0:</span> <span class='ocrx_word' id='word_1_50' title='bbox 695 829 743 872; x_wconf 88' lang='grc' dir='ltr'><strong>τὸ</strong></span> <span class='ocrx_word' id='word_1_51' title='bbox 772 833 852 886; x_wconf 83' lang='grc' dir='ltr'><em>μὲν</em></span> <span class='ocrx_word' id='word_1_52' title='bbox 880 833 988 873; x_wconf 81' lang='grc' dir='ltr'><strong><em>πῖθι</em></strong></span> <span class='ocrx_word' id='word_1_53' title='bbox 1015 832 1086 874; x_wconf 79' lang='grc' dir='ltr'><strong>ἐπὶ</strong></span> <span class='ocrx_word' id='word_1_54' title='bbox 1116 834 1348 892; x_wconf 74' lang='grc' dir='ltr'><em>φαρμάκου</em></span> <span class='ocrx_word' id='word_1_55' title='bbox 1376 837 1560 891; x_wconf 70' lang='grc' dir='ltr'><strong>λέγουσι.</strong></span> <span class='ocrx_word' id='word_1_56' title='bbox 1588 839 1662 879; x_wconf 83' lang='grc' dir='ltr'><em>καὶ</em></span> 
     </span>
     <span class='ocr_line' id='line_1_10' title="bbox 209 896 1662 955; baseline 0.005 -14"><span class='ocrx_word' id='word_1_57' title='bbox 209 897 373 952; x_wconf 78' lang='grc' dir='ltr'><em>Λαγών</em></span> <span class='ocrx_word' id='word_1_58' title='bbox 403 896 593 955; x_wconf 77' lang='grc' dir='ltr'><em>ταράξας</em></span> <span class='ocrx_word' id='word_1_59' title='bbox 621 900 729 942; x_wconf 80' lang='grc' dir='ltr'><strong><em>πῖθι</em></strong></span> <span class='ocrx_word' id='word_1_60' title='bbox 757 899 836 942; x_wconf 86' lang='grc' dir='ltr'><em>τὸν</em></span> <span class='ocrx_word' id='word_1_61' title='bbox 864 899 1131 945; x_wconf 81' lang='grc' dir='ltr'><strong>θαλάσσιον.</strong></span> <span class='ocrx_word' id='word_1_62' title='bbox 1191 904 1240 946; x_wconf 89' lang='grc' dir='ltr'><strong>τὸ</strong></span> <span class='ocrx_word' id='word_1_63' title='bbox 1280 905 1326 946; x_wconf 77' lang='grc' dir='ltr'><strong>δὲ</strong></span> <span class='ocrx_word' id='word_1_64' title='bbox 1364 904 1434 947; x_wconf 83' lang='grc' dir='ltr'><strong>πίε</strong></span> <span class='ocrx_word' id='word_1_65' title='bbox 1474 906 1546 948; x_wconf 81' lang='grc' dir='ltr'><strong>ἐπὶ</strong></span> <span class='ocrx_word' id='word_1_66' title='bbox 1583 906 1662 948; x_wconf 83' lang='grc' dir='ltr'><strong>τοῦ</strong></span> 
     </span>
     <span class='ocr_line' id='line_1_11' title="bbox 210 965 1661 1030; baseline 0.006 -21"><span class='ocrx_word' id='word_1_67' title='bbox 210 965 358 1012; x_wconf 86' lang='grc' dir='ltr'><em>πότου.</em></span> <span class='ocrx_word' id='word_1_68' title='bbox 422 971 592 1012; x_wconf 88' lang='lat' dir='ltr'><strong>Retiuui</strong></span> <span class='ocrx_word' id='word_1_69' title='bbox 633 976 769 1013; x_wconf 85' lang='lat' dir='ltr'><strong>tamen</strong></span> <span class='ocrx_word' id='word_1_70' title='bbox 807 970 942 1025; x_wconf 76' lang='grc' dir='ltr'><em>λαγὸν</em></span> <span class='ocrx_word' id='word_1_71' title='bbox 979 980 1148 1028; x_wconf 87' lang='lat' dir='ltr'><strong>propter</strong></span> <span class='ocrx_word' id='word_1_72' title='bbox 1188 990 1423 1030; x_wconf 83' lang='lat' dir='ltr'><strong>expressum</strong></span> <span class='ocrx_word' id='word_1_73' title='bbox 1462 979 1661 1019; x_wconf 83' lang='lat' dir='ltr'><strong>Athenaei</strong></span> 
     </span>
     <span class='ocr_line' id='line_1_12' title="bbox 209 1041 1659 1096; baseline 0.006 -16"><span class='ocrx_word' id='word_1_74' title='bbox 209 1041 511 1091; x_wconf 82' lang='lat' dir='ltr'><strong>testimonium3</strong></span> <span class='ocrx_word' id='word_1_75' title='bbox 552 1054 599 1082; x_wconf 86' lang='lat' dir='ltr'><strong>ac</strong></span> <span class='ocrx_word' id='word_1_76' title='bbox 639 1042 801 1082; x_wconf 84' lang='lat' dir='ltr'><strong>videtur</strong></span> <span class='ocrx_word' id='word_1_77' title='bbox 829 1044 1031 1096; x_wconf 85' lang='lat' dir='ltr'><strong>Amipsias</strong></span> <span class='ocrx_word' id='word_1_78' title='bbox 1071 1046 1174 1086; x_wconf 89' lang='lat' dir='ltr'><strong>haec</strong></span> <span class='ocrx_word' id='word_1_79' title='bbox 1209 1048 1332 1087; x_wconf 85' lang='lat' dir='ltr'><strong>verba</strong></span> <span class='ocrx_word' id='word_1_80' title='bbox 1373 1048 1554 1088; x_wconf 88' lang='lat' dir='ltr'><strong>Ionicum</strong></span> <span class='ocrx_word' id='word_1_81' title='bbox 1584 1049 1659 1088; x_wconf 88' lang='lat' dir='ltr'><strong>ho-</strong></span> 
     </span>
     <span class='ocr_line' id='line_1_13' title="bbox 208 1110 1661 1166; baseline 0.006 -16"><span class='ocrx_word' id='word_1_82' title='bbox 208 1110 359 1151; x_wconf 84' lang='lat' dir='ltr'><strong>minem</strong></span> <span class='ocrx_word' id='word_1_83' title='bbox 388 1111 591 1151; x_wconf 83' lang='lat' dir='ltr'><strong>dicentem</strong></span> <span class='ocrx_word' id='word_1_84' title='bbox 620 1111 784 1153; x_wconf 86' lang='lat' dir='ltr'><strong>fecisse.</strong></span> <span class='ocrx_word' id='word_1_85' title='bbox 841 1114 902 1153; x_wconf 87' lang='lat' dir='ltr'><strong>De</strong></span> <span class='ocrx_word' id='word_1_86' title='bbox 931 1114 1083 1166; x_wconf 86' lang='lat' dir='ltr'><strong>leporis</strong></span> <span class='ocrx_word' id='word_1_87' title='bbox 1113 1116 1256 1156; x_wconf 87' lang='lat' dir='ltr'><strong>marini</strong></span> <span class='ocrx_word' id='word_1_88' title='bbox 1285 1118 1324 1156; x_wconf 88' lang='lat' dir='ltr'><strong>vi</strong></span> <span class='ocrx_word' id='word_1_89' title='bbox 1353 1119 1536 1158; x_wconf 84' lang='lat' dir='ltr'><strong>venefica</strong></span> <span class='ocrx_word' id='word_1_90' title='bbox 1564 1130 1661 1158; x_wconf 91' lang='lat' dir='ltr'><strong>con-</strong></span> 
     </span>
     <span class='ocr_line' id='line_1_14' title="bbox 207 1180 1660 1236; baseline 0.006 -18"><span class='ocrx_word' id='word_1_91' title='bbox 207 1183 288 1219; x_wconf 83' lang='lat' dir='ltr'><strong>stat</strong></span> <span class='ocrx_word' id='word_1_92' title='bbox 316 1192 440 1231; x_wconf 92' lang='lat' dir='ltr'><strong>quum</strong></span> <span class='ocrx_word' id='word_1_93' title='bbox 470 1180 635 1220; x_wconf 78' lang='lat' dir='ltr'><strong>aliunde</strong></span> <span class='ocrx_word' id='word_1_94' title='bbox 664 1184 749 1222; x_wconf 92' lang='lat' dir='ltr'><strong>tum</strong></span> <span class='ocrx_word' id='word_1_95' title='bbox 779 1195 828 1222; x_wconf 85' lang='lat' dir='ltr'><strong>ex</strong></span> <span class='ocrx_word' id='word_1_96' title='bbox 857 1183 1052 1223; x_wconf 84' lang='lat' dir='ltr'><strong>Nicandri</strong></span> <span class='ocrx_word' id='word_1_97' title='bbox 1079 1185 1266 1236; x_wconf 81' lang='lat' dir='ltr'><strong>Alexiph.</strong></span> <span class='ocrx_word' id='word_1_98' title='bbox 1297 1186 1392 1225; x_wconf 83' lang='grc'><strong>465.</strong></span> <span class='ocrx_word' id='word_1_99' title='bbox 1423 1186 1530 1225; x_wconf 88' lang='lat' dir='ltr'><strong>Plut.</strong></span> <span class='ocrx_word' id='word_1_100' title='bbox 1559 1191 1660 1227; x_wconf 84' lang='lat' dir='ltr'><strong>terr.</strong></span> 
     </span>
     <span class='ocr_line' id='line_1_15' title="bbox 209 1249 1661 1306; baseline 0.005 -18"><span class='ocrx_word' id='word_1_101' title='bbox 209 1254 251 1288; x_wconf 90' lang='lat' dir='ltr'><strong>et</strong></span> <span class='ocrx_word' id='word_1_102' title='bbox 280 1253 415 1300; x_wconf 85' lang='lat' dir='ltr'><strong>aquat.</strong></span> <span class='ocrx_word' id='word_1_103' title='bbox 442 1262 482 1301; x_wconf 88' lang='lat' dir='ltr'><strong>p.</strong></span> <span class='ocrx_word' id='word_1_104' title='bbox 515 1249 637 1289; x_wconf 83' lang='lat' dir='ltr'>983f</span> <span class='ocrx_word' id='word_1_105' title='bbox 662 1253 704 1290; x_wconf 88' lang='lat' dir='ltr'><strong>et</strong></span> <span class='ocrx_word' id='word_1_106' title='bbox 733 1250 928 1291; x_wconf 80' lang='lat' dir='ltr'><strong>Philostr.</strong></span> <span class='ocrx_word' id='word_1_107' title='bbox 960 1253 1009 1293; x_wconf 91' lang='lat' dir='ltr'><strong>V.</strong></span> <span class='ocrx_word' id='word_1_108' title='bbox 1038 1253 1174 1304; x_wconf 85' lang='lat' dir='ltr'><strong>Apoll.</strong></span> <span class='ocrx_word' id='word_1_109' title='bbox 1192 1254 1250 1295; x_wconf 89' lang='lat' dir='ltr'><strong>Vl</strong></span> <span class='ocrx_word' id='word_1_110' title='bbox 1281 1254 1334 1293; x_wconf 77' lang='lat'><strong>32</strong></span> <span class='ocrx_word' id='word_1_111' title='bbox 1363 1267 1403 1306; x_wconf 88' lang='lat' dir='ltr'><strong>p.</strong></span> <span class='ocrx_word' id='word_1_112' title='bbox 1434 1255 1529 1295; x_wconf 78' lang='lat'><strong>271.</strong></span> <span class='ocrx_word' id='word_1_113' title='bbox 1589 1256 1661 1296; x_wconf 83' lang='lat' dir='ltr'><strong>Cfr</strong></span> 
     </span>
     <span class='ocr_line' id='line_1_16' title="bbox 207 1318 1659 1372; baseline 0.003 -13"><span class='ocrx_word' id='word_1_114' title='bbox 207 1318 437 1371; x_wconf 82' lang='lat' dir='ltr'><strong>Schweigh.</strong></span> <span class='ocrx_word' id='word_1_115' title='bbox 468 1318 519 1359; x_wconf 84' lang='lat' dir='ltr'><strong>ad</strong></span> <span class='ocrx_word' id='word_1_116' title='bbox 547 1319 589 1358; x_wconf 89' lang='lat' dir='ltr'><strong>h.</strong></span> <span class='ocrx_word' id='word_1_117' title='bbox 620 1319 648 1360; x_wconf 90' lang='lat'><strong>1.</strong></span> <span class='ocrx_word' id='word_1_118' title='bbox 688 1320 757 1371; x_wconf 85' lang='lat' dir='ltr'><strong>qui</strong></span> <span class='ocrx_word' id='word_1_119' title='bbox 785 1321 992 1372; x_wconf 89' lang='lat' dir='ltr'><strong>Amipsiae</strong></span> <span class='ocrx_word' id='word_1_120' title='bbox 1022 1334 1182 1361; x_wconf 88' lang='lat' dir='ltr'><strong>versum</strong></span> <span class='ocrx_word' id='word_1_121' title='bbox 1212 1322 1252 1362; x_wconf 88' lang='lat' dir='ltr'><strong>in</strong></span> <span class='ocrx_word' id='word_1_122' title='bbox 1282 1323 1387 1363; x_wconf 87' lang='lat' dir='ltr'><strong>hanc</strong></span> <span class='ocrx_word' id='word_1_123' title='bbox 1417 1326 1659 1365; x_wconf 84' lang='lat' dir='ltr'><strong>sententiam</strong></span> 
     </span>
     <span class='ocr_line' id='line_1_17' title="bbox 206 1387 1658 1443; baseline 0.004 -15"><span class='ocrx_word' id='word_1_124' title='bbox 206 1387 514 1440; x_wconf 85' lang='lat' dir='ltr'><strong>interpretatur,</strong></span> <span class='ocrx_word' id='word_1_125' title='bbox 543 1392 588 1427; x_wconf 89' lang='lat' dir='ltr'><strong>ut</strong></span> <span class='ocrx_word' id='word_1_126' title='bbox 604 1389 712 1440; x_wconf 90' lang='lat' dir='ltr'><strong>quod</strong></span> <span class='ocrx_word' id='word_1_127' title='bbox 729 1389 818 1441; x_wconf 86' lang='lat' dir='ltr'><strong>quis</strong></span> <span class='ocrx_word' id='word_1_128' title='bbox 840 1389 1053 1439; x_wconf 76' lang='lat' dir='ltr'><strong>inti-iverit,</strong></span> <span class='ocrx_word' id='word_1_129' title='bbox 1081 1390 1124 1429; x_wconf 90' lang='lat' dir='ltr'><strong>id</strong></span> <span class='ocrx_word' id='word_1_130' title='bbox 1151 1391 1239 1443; x_wconf 88' lang='lat' dir='ltr'><strong>ipse</strong></span> <span class='ocrx_word' id='word_1_131' title='bbox 1260 1392 1434 1432; x_wconf 79' lang='lat' dir='ltr'><strong>exedere</strong></span> <span class='ocrx_word' id='word_1_132' title='bbox 1457 1394 1658 1435; x_wconf 83' lang='lat' dir='ltr'><strong>iubeatur.</strong></span> 
     </span>
     <span class='ocr_line' id='line_1_18' title="bbox 207 1457 1716 1518; baseline 0.005 -22"><span class='ocrx_word' id='word_1_133' title='bbox 207 1457 404 1497; x_wconf 80' lang='lat' dir='ltr'><strong>Fortasse</strong></span> <span class='ocrx_word' id='word_1_134' title='bbox 438 1460 582 1507; x_wconf 15' lang='lat' dir='ltr'><strong>«recte,</strong></span> <span class='ocrx_word' id='word_1_135' title='bbox 626 1470 868 1510; x_wconf 86' lang='lat' dir='ltr'><strong>quamquam</strong></span> <span class='ocrx_word' id='word_1_136' title='bbox 909 1459 1010 1499; x_wconf 81' lang='lat' dir='ltr'><strong>nihii</strong></span> <span class='ocrx_word' id='word_1_137' title='bbox 1050 1460 1221 1513; x_wconf 88' lang='lat' dir='ltr'><strong>impedit</strong></span> <span class='ocrx_word' id='word_1_138' title='bbox 1250 1463 1464 1513; x_wconf 84' lang='lat' dir='ltr'><strong>quominus</strong></span> <span class='ocrx_word' id='word_1_139' title='bbox 1493 1465 1659 1516; x_wconf 86' lang='lat' dir='ltr'><strong>proprio</strong></span> <span class='ocrx_word' id='word_1_140' title='bbox 1712 1493 1716 1518; x_wconf 61' lang='lat'><strong>⁴,</strong></span> 
     </span>
     <span class='ocr_line' id='line_1_19' title="bbox 209 1523 1659 1584; baseline 0.005 -18"><span class='ocrx_word' id='word_1_141' title='bbox 209 1538 334 1566; x_wconf 85' lang='lat' dir='ltr'><strong>sensu</strong></span> <span class='ocrx_word' id='word_1_142' title='bbox 375 1527 500 1565; x_wconf 85' lang='lat' dir='ltr'><strong>verba</strong></span> <span class='ocrx_word' id='word_1_143' title='bbox 538 1528 762 1580; x_wconf 84' lang='lat' dir='ltr'><strong>capiantur.</strong></span> <span class='ocrx_word' id='word_1_144' title='bbox 826 1523 1061 1581; x_wconf 79' lang='grc' dir='ltr'><em>ταράσσειν</em></span> <span class='ocrx_word' id='word_1_145' title='bbox 1099 1525 1330 1584; x_wconf 81' lang='grc' dir='ltr'><em>φάρμακον</em></span> <span class='ocrx_word' id='word_1_146' title='bbox 1370 1532 1421 1571; x_wconf 89' lang='lat' dir='ltr'><strong>de</strong></span> <span class='ocrx_word' id='word_1_147' title='bbox 1450 1533 1659 1573; x_wconf 79' lang='lat' dir='ltr'><strong>miscendo</strong></span> 
     </span>
     <span class='ocr_line' id='line_1_20' title="bbox 211 1595 1658 1655; baseline 0.003 -19"><span class='ocrx_word' id='word_1_148' title='bbox 211 1595 490 1636; x_wconf 82' lang='lat' dir='ltr'><strong>medicamine</strong></span> <span class='ocrx_word' id='word_1_149' title='bbox 519 1596 647 1636; x_wconf 85' lang='lat' dir='ltr'><strong>habes</strong></span> <span class='ocrx_word' id='word_1_150' title='bbox 663 1597 771 1649; x_wconf 86' lang='lat' dir='ltr'><strong>apud</strong></span> <span class='ocrx_word' id='word_1_151' title='bbox 785 1598 1032 1638; x_wconf 62' lang='lat' dir='ltr'><strong>Nicandrum</strong></span> <span class='ocrx_word' id='word_1_152' title='bbox 1046 1599 1173 1640; x_wconf 87' lang='lat' dir='ltr'><strong>Ther.</strong></span> <span class='ocrx_word' id='word_1_153' title='bbox 1190 1601 1291 1639; x_wconf 83' lang='lat'><strong>665:</strong></span> <span class='ocrx_word' id='word_1_154' title='bbox 1320 1597 1396 1648; x_wconf 83' lang='grc' dir='ltr'><strong>τῆς</strong></span> <span class='ocrx_word' id='word_1_155' title='bbox 1424 1595 1511 1640; x_wconf 83' lang='grc' dir='ltr'><strong>άπὸ</strong></span> <span class='ocrx_word' id='word_1_156' title='bbox 1541 1597 1658 1655; x_wconf 85' lang='grc' dir='ltr'><em>φάρ-</em></span> 
     </span>
     <span class='ocr_line' id='line_1_21' title="bbox 211 1662 1658 1722; baseline 0.006 -20"><span class='ocrx_word' id='word_1_157' title='bbox 211 1676 288 1711; x_wconf 85' lang='grc' dir='ltr'><strong>σος</strong></span> <span class='ocrx_word' id='word_1_158' title='bbox 317 1662 561 1717; x_wconf 85' lang='grc' dir='ltr'><em>δραχμαῖον</em></span> <span class='ocrx_word' id='word_1_159' title='bbox 590 1665 805 1718; x_wconf 86' lang='grc' dir='ltr'><em>ποταμοῖο</em></span> <span class='ocrx_word' id='word_1_160' title='bbox 836 1666 949 1706; x_wconf 86' lang='grc' dir='ltr'><strong>πιεῖν</strong></span> <span class='ocrx_word' id='word_1_161' title='bbox 987 1663 1193 1708; x_wconf 82' lang='grc' dir='ltr'><strong>ὑδάτεσσι</strong></span> <span class='ocrx_word' id='word_1_162' title='bbox 1230 1664 1432 1722; x_wconf 77' lang='grc' dir='ltr'><em>ταράξας.</em></span> <span class='ocrx_word' id='word_1_163' title='bbox 1501 1671 1658 1712; x_wconf 88' lang='lat' dir='ltr'><strong>Ibidem</strong></span> 
     </span>
     <span class='ocr_line' id='line_1_22' title="bbox 210 1723 1663 1793; baseline 0.007 -20"><span class='ocrx_word' id='word_1_164' title='bbox 210 1735 312 1774; x_wconf 84' lang='lat'>936:</span> <span class='ocrx_word' id='word_1_165' title='bbox 352 1723 463 1786; x_wconf 75' lang='grc' dir='ltr'><em>ἦμος</em></span> <span class='ocrx_word' id='word_1_166' title='bbox 491 1726 563 1773; x_wconf 78' lang='grc' dir='ltr'><strong>ὅτε</strong></span> <span class='ocrx_word' id='word_1_167' title='bbox 593 1730 742 1788; x_wconf 77' lang='grc' dir='ltr'><em>θρόνα</em></span> <span class='ocrx_word' id='word_1_168' title='bbox 773 1731 918 1774; x_wconf 82' lang='grc' dir='ltr'><em>πάντα</em></span> <span class='ocrx_word' id='word_1_169' title='bbox 946 1734 1024 1792; x_wconf 69' lang='grc' dir='ltr'><strong>μιῗ</strong></span> <span class='ocrx_word' id='word_1_170' title='bbox 1054 1732 1137 1776; x_wconf 84' lang='grc' dir='ltr'><strong>ὑπὸ</strong></span> <span class='ocrx_word' id='word_1_171' title='bbox 1160 1737 1272 1791; x_wconf 84' lang='grc' dir='ltr'><em>χειρὶ</em></span> <span class='ocrx_word' id='word_1_172' title='bbox 1301 1733 1501 1793; x_wconf 74' lang='grc' dir='ltr'><em>ταράξῃς.</em></span> <span class='ocrx_word' id='word_1_173' title='bbox 1557 1741 1663 1783; x_wconf 44' lang='lat' dir='ltr'><strong>Erae</strong></span> 
     </span>
     <span class='ocr_line' id='line_1_23' title="bbox 209 1800 1660 1861; baseline 0.003 -17"><span class='ocrx_word' id='word_1_174' title='bbox 209 1805 395 1844; x_wconf 77' lang='lat' dir='ltr'><strong>sisti-atus</strong></span> <span class='ocrx_word' id='word_1_175' title='bbox 426 1804 627 1845; x_wconf 85' lang='lat' dir='ltr'><strong>Athenaei</strong></span> <span class='ocrx_word' id='word_1_176' title='bbox 659 1805 736 1845; x_wconf 89' lang='lat' dir='ltr'><strong>Vll</strong></span> <span class='ocrx_word' id='word_1_177' title='bbox 765 1819 806 1858; x_wconf 87' lang='lat' dir='ltr'><strong>p.</strong></span> <span class='ocrx_word' id='word_1_178' title='bbox 836 1807 919 1847; x_wconf 76' lang='lat'><strong>324</strong></span> <span class='ocrx_word' id='word_1_179' title='bbox 935 1820 971 1847; x_wconf 87' lang='lat' dir='ltr'><strong>a.</strong></span> <span class='ocrx_word' id='word_1_180' title='bbox 1011 1800 1197 1858; x_wconf 77' lang='grc' dir='ltr'><em>αἵματος</em></span> <span class='ocrx_word' id='word_1_181' title='bbox 1235 1806 1554 1860; x_wconf 74' lang='grc' dir='ltr'><em>τεταραγμένου</em></span> <span class='ocrx_word' id='word_1_182' title='bbox 1580 1807 1660 1861; x_wconf 87' lang='grc' dir='ltr'><em>με’-</em></span> 
     </span>
     <span class='ocr_line' id='line_1_24' title="bbox 208 1871 1657 1931; baseline 0.006 -20"><span class='ocrx_word' id='word_1_183' title='bbox 208 1871 308 1916; x_wconf 81' lang='grc' dir='ltr'><strong>λιτι.</strong></span> <span class='ocrx_word' id='word_1_184' title='bbox 369 1873 442 1914; x_wconf 73' lang='lat' dir='ltr'><strong>crr</strong></span> <span class='ocrx_word' id='word_1_185' title='bbox 470 1873 687 1916; x_wconf 86' lang='lat' dir='ltr'><strong>Fritzschii</strong></span> <span class='ocrx_word' id='word_1_186' title='bbox 717 1876 879 1918; x_wconf 84' lang='lat' dir='ltr'><strong>dissert.</strong></span> <span class='ocrx_word' id='word_1_187' title='bbox 911 1878 962 1918; x_wconf 89' lang='lat' dir='ltr'><strong>de</strong></span> <span class='ocrx_word' id='word_1_188' title='bbox 992 1877 1272 1930; x_wconf 81' lang='lat' dir='ltr'><strong>Aristophanis</strong></span> <span class='ocrx_word' id='word_1_189' title='bbox 1303 1877 1458 1918; x_wconf 85' lang='lat' dir='ltr'><strong>Daetal.</strong></span> <span class='ocrx_word' id='word_1_190' title='bbox 1489 1891 1529 1931; x_wconf 87' lang='lat' dir='ltr'><strong>p.</strong></span> <span class='ocrx_word' id='word_1_191' title='bbox 1562 1879 1657 1919; x_wconf 87' lang='grc'><strong>104.</strong></span> 
     </span>
    </p>
   </div>
   <div class='ocr_carea' id='block_1_4' title="bbox 357 1999 1506 2226">
    <p class='ocr_par' dir='ltr' id='par_1_5' title="bbox 357 1999 1506 2226">
     <span class='ocr_line' id='line_1_25' title="bbox 900 1999 973 2039; baseline 0.027 -2"><span class='ocrx_word' id='word_1_192' title='bbox 900 1999 973 2039; x_wconf 83' lang='lat'><strong>111.</strong></span> 
     </span>
     <span class='ocr_line' id='line_1_26' title="bbox 1110 2083 1412 2140; baseline 0 -14"><span class='ocrx_word' id='word_1_193' title='bbox 1110 2084 1170 2126; x_wconf 86' lang='grc' dir='ltr'><strong>Τὸ</strong></span> <span class='ocrx_word' id='word_1_194' title='bbox 1198 2087 1276 2139; x_wconf 80' lang='grc' dir='ltr'><em>μὲν</em></span> <span class='ocrx_word' id='word_1_195' title='bbox 1306 2083 1412 2140; x_wconf 87' lang='grc' dir='ltr'><em>δόρυ</em></span> 
     </span>
     <span class='ocr_line' id='line_1_27' title="bbox 357 2154 1506 2226; baseline 0.003 -20"><span class='ocrx_word' id='word_1_196' title='bbox 357 2164 470 2222; x_wconf 80' lang='grc' dir='ltr'><em>μετὰ</em></span> <span class='ocrx_word' id='word_1_197' title='bbox 499 2167 577 2219; x_wconf 80' lang='grc' dir='ltr'><strong>τῆς</strong></span> <span class='ocrx_word' id='word_1_198' title='bbox 604 2168 834 2224; x_wconf 77' lang='grc' dir='ltr'><strong>ἐπιχάλκου</strong></span> <span class='ocrx_word' id='word_1_199' title='bbox 863 2154 969 2226; x_wconf 83' lang='grc' dir='ltr'><strong>πρὸς</strong></span> <span class='ocrx_word' id='word_1_200' title='bbox 998 2169 1248 2218; x_wconf 88' lang='grc' dir='ltr'><em>Πλαταιαῖς</em></span> <span class='ocrx_word' id='word_1_201' title='bbox 1275 2166 1506 2223; x_wconf 81' lang='grc' dir='ltr'><em>ἀπέβαλεν.</em></span> 
     </span>
    </p>
   </div>
   <div class='ocr_carea' id='block_1_5' title="bbox 209 2277 1716 2751">
    <p class='ocr_par' dir='ltr' id='par_1_6' title="bbox 209 2277 1716 2751">
     <span class='ocr_line' id='line_1_28' title="bbox 324 2277 1716 2336; baseline 0.001 -17"><span class='ocrx_word' id='word_1_202' title='bbox 324 2279 471 2320; x_wconf 83' lang='lat' dir='ltr'><strong>Pollux</strong></span> <span class='ocrx_word' id='word_1_203' title='bbox 499 2280 537 2322; x_wconf 88' lang='lat' dir='ltr'>X</span> <span class='ocrx_word' id='word_1_204' title='bbox 568 2281 663 2323; x_wconf 83' lang='grc'><strong>144.</strong></span> <span class='ocrx_word' id='word_1_205' title='bbox 704 2282 756 2322; x_wconf 84' lang='lat' dir='ltr'><strong>de</strong></span> <span class='ocrx_word' id='word_1_206' title='bbox 795 2284 916 2323; x_wconf 84' lang='lat' dir='ltr'><strong>armis</strong></span> <span class='ocrx_word' id='word_1_207' title='bbox 959 2283 1199 2323; x_wconf 85' lang='lat' dir='ltr'><strong>militaribus</strong></span> <span class='ocrx_word' id='word_1_208' title='bbox 1227 2295 1374 2335; x_wconf 82' lang='lat' dir='ltr'><strong>agens:</strong></span> <span class='ocrx_word' id='word_1_209' title='bbox 1415 2277 1680 2336; x_wconf 80' lang='grc' dir='ltr'><em>Ἀμειψίας·</em></span> <span class='ocrx_word' id='word_1_210' title='bbox 1715 2314 1716 2317; x_wconf 59' lang='grc'>,</span> 
     </span>
     <span class='ocr_line' id='line_1_29' title="bbox 214 2341 1657 2406; baseline 0.006 -22"><span class='ocrx_word' id='word_1_211' title='bbox 214 2344 240 2384; x_wconf 83' lang='grc' dir='ltr'><em>ὃ</em></span> <span class='ocrx_word' id='word_1_212' title='bbox 251 2341 263 2355; x_wconf 83' lang='lat'><strong>³</strong></span> <span class='ocrx_word' id='word_1_213' title='bbox 295 2344 341 2386; x_wconf 79' lang='grc' dir='ltr'><em>ἐν</em></span> <span class='ocrx_word' id='word_1_214' title='bbox 375 2346 606 2405; x_wconf 76' lang='grc' dir='ltr'><em>Σφενδόνῃ</em></span> <span class='ocrx_word' id='word_1_215' title='bbox 652 2348 712 2390; x_wconf 84' lang='grc' dir='ltr'><strong>Τὸ</strong></span> <span class='ocrx_word' id='word_1_216' title='bbox 742 2353 822 2404; x_wconf 75' lang='grc' dir='ltr'><em>μὲν</em></span> <span class='ocrx_word' id='word_1_217' title='bbox 850 2348 955 2406; x_wconf 82' lang='grc' dir='ltr'><em>δόρυ</em></span> <span class='ocrx_word' id='word_1_218' title='bbox 982 2351 1072 2393; x_wconf 79' lang='grc' dir='ltr'><em>κτλ.</em></span> <span class='ocrx_word' id='word_1_219' title='bbox 1140 2353 1184 2393; x_wconf 86' lang='lat' dir='ltr'><strong>ln</strong></span> <span class='ocrx_word' id='word_1_220' title='bbox 1222 2353 1286 2392; x_wconf 88' lang='lat' dir='ltr'><strong>his</strong></span> <span class='ocrx_word' id='word_1_221' title='bbox 1321 2348 1431 2404; x_wconf 81' lang='grc' dir='ltr'><em>μετὰ</em></span> <span class='ocrx_word' id='word_1_222' title='bbox 1461 2365 1510 2392; x_wconf 83' lang='lat' dir='ltr'><strong>ex</strong></span> <span class='ocrx_word' id='word_1_223' title='bbox 1538 2353 1657 2392; x_wconf 85' lang='lat' dir='ltr'><strong>codd.</strong></span> 
     </span>
     <span class='ocr_line' id='line_1_30' title="bbox 213 2417 1659 2474; baseline 0.003 -19"><span class='ocrx_word' id='word_1_224' title='bbox 213 2418 447 2459; x_wconf 68' lang='lat' dir='ltr'><strong>restitutum</strong></span> <span class='ocrx_word' id='word_1_225' title='bbox 486 2425 571 2468; x_wconf 85' lang='lat' dir='ltr'><strong>est;</strong></span> <span class='ocrx_word' id='word_1_226' title='bbox 614 2421 735 2472; x_wconf 81' lang='lat' dir='ltr'><strong>vulgo</strong></span> <span class='ocrx_word' id='word_1_227' title='bbox 775 2417 878 2474; x_wconf 85' lang='grc' dir='ltr'><strong>πρό,</strong></span> <span class='ocrx_word' id='word_1_228' title='bbox 923 2423 1024 2462; x_wconf 85' lang='lat' dir='ltr'><strong>alius</strong></span> <span class='ocrx_word' id='word_1_229' title='bbox 1068 2423 1172 2462; x_wconf 85' lang='lat' dir='ltr'><strong>liber</strong></span> <span class='ocrx_word' id='word_1_230' title='bbox 1211 2419 1331 2473; x_wconf 85' lang='grc' dir='ltr'><em>πρός.</em></span> <span class='ocrx_word' id='word_1_231' title='bbox 1400 2418 1659 2473; x_wconf 82' lang='grc' dir='ltr'><em>Ἐπίχαλκον</em></span> 
     </span>
     <span class='ocr_line' id='line_1_31' title="bbox 214 2485 1659 2544; baseline 0.003 -20"><span class='ocrx_word' id='word_1_232' title='bbox 214 2486 291 2524; x_wconf 83' lang='lat' dir='ltr'><strong>viri</strong></span> <span class='ocrx_word' id='word_1_233' title='bbox 321 2488 430 2527; x_wconf 86' lang='lat' dir='ltr'><strong>docti</strong></span> <span class='ocrx_word' id='word_1_234' title='bbox 459 2494 573 2529; x_wconf 89' lang='lat' dir='ltr'><strong>recte</strong></span> <span class='ocrx_word' id='word_1_235' title='bbox 609 2490 662 2530; x_wconf 91' lang='lat' dir='ltr'><strong>de</strong></span> <span class='ocrx_word' id='word_1_236' title='bbox 692 2495 806 2530; x_wconf 83' lang='lat' dir='ltr'><strong>scuto</strong></span> <span class='ocrx_word' id='word_1_237' title='bbox 844 2491 1078 2543; x_wconf 80' lang='lat' dir='ltr'><strong>intelligunt</strong></span> <span class='ocrx_word' id='word_1_238' title='bbox 1114 2491 1236 2530; x_wconf 88' lang='lat' dir='ltr'><strong>ductu</strong></span> <span class='ocrx_word' id='word_1_239' title='bbox 1267 2490 1489 2544; x_wconf 85' lang='lat' dir='ltr'><strong>Hesychii:</strong></span> <span class='ocrx_word' id='word_1_240' title='bbox 1529 2485 1659 2530; x_wconf 80' lang='grc' dir='ltr'><strong><em>Ἐπί-</em></strong></span> 
     </span>
     <span class='ocr_line' id='line_1_32' title="bbox 209 2551 1716 2619; baseline 0.007 -28"><span class='ocrx_word' id='word_1_241' title='bbox 209 2551 391 2607; x_wconf 81' lang='grc' dir='ltr'><em>χαλκός,</em></span> <span class='ocrx_word' id='word_1_242' title='bbox 420 2553 572 2605; x_wconf 76' lang='grc' dir='ltr'><em>ἀσπίς·</em></span> <span class='ocrx_word' id='word_1_243' title='bbox 611 2555 693 2611; x_wconf 81' lang='grc' dir='ltr'><strong>ἔχει</strong></span> <span class='ocrx_word' id='word_1_244' title='bbox 721 2555 802 2612; x_wconf 70' lang='grc' dir='ltr'><strong>γὰρ</strong></span> <span class='ocrx_word' id='word_1_245' title='bbox 825 2557 991 2612; x_wconf 73' lang='grc' dir='ltr'><em>χαλκῆν</em></span> <span class='ocrx_word' id='word_1_246' title='bbox 1021 2556 1098 2608; x_wconf 76' lang='grc' dir='ltr'><em>τὴν</em></span> <span class='ocrx_word' id='word_1_247' title='bbox 1126 2555 1346 2611; x_wconf 74' lang='grc' dir='ltr'><em>ἐπιβολήν.</em></span> <span class='ocrx_word' id='word_1_248' title='bbox 1407 2563 1658 2613; x_wconf 74' lang='lat' dir='ltr'><strong>Quamquam</strong></span> <span class='ocrx_word' id='word_1_249' title='bbox 1711 2607 1716 2619; x_wconf 29' lang='lat' dir='ltr'><em>A</em></span> 
     </span>
     <span class='ocr_line' id='line_1_33' title="bbox 216 2623 1716 2681; baseline 0.003 -18"><span class='ocrx_word' id='word_1_250' title='bbox 216 2623 391 2665; x_wconf 84' lang='lat' dir='ltr'><strong>dubitari</strong></span> <span class='ocrx_word' id='word_1_251' title='bbox 431 2631 567 2678; x_wconf 87' lang='lat' dir='ltr'><strong>potest</strong></span> <span class='ocrx_word' id='word_1_252' title='bbox 604 2627 653 2668; x_wconf 71' lang='lat' dir='ltr'><strong>an</strong></span> <span class='ocrx_word' id='word_1_253' title='bbox 700 2642 780 2669; x_wconf 86' lang='lat' dir='ltr'><strong>non</strong></span> <span class='ocrx_word' id='word_1_254' title='bbox 821 2629 1009 2681; x_wconf 80' lang='lat' dir='ltr'><strong>coniungi</strong></span> <span class='ocrx_word' id='word_1_255' title='bbox 1052 2629 1226 2670; x_wconf 84' lang='lat' dir='ltr'><strong>debeant</strong></span> <span class='ocrx_word' id='word_1_256' title='bbox 1269 2631 1392 2670; x_wconf 87' lang='lat' dir='ltr'><strong>verba</strong></span> <span class='ocrx_word' id='word_1_257' title='bbox 1434 2625 1658 2681; x_wconf 82' lang='grc' dir='ltr'><em>ἐπίχαλκος</em></span> <span class='ocrx_word' id='word_1_258' title='bbox 1710 2643 1716 2661; x_wconf 74' lang='lat' dir='ltr'><strong>t</strong></span> 
     </span>
     <span class='ocr_line' id='line_1_34' title="bbox 214 2686 1716 2751; baseline 0.007 -21"><span class='ocrx_word' id='word_1_259' title='bbox 214 2686 366 2745; x_wconf 80' lang='grc' dir='ltr'><em>ἆσπίς,</em></span> <span class='ocrx_word' id='word_1_260' title='bbox 414 2697 753 2747; x_wconf 87' lang='lat' dir='ltr'><strong>quemadmodum</strong></span> <span class='ocrx_word' id='word_1_261' title='bbox 794 2699 1087 2751; x_wconf 83' lang='lat' dir='ltr'><strong>Aristophanes</strong></span> <span class='ocrx_word' id='word_1_262' title='bbox 1122 2700 1314 2751; x_wconf 89' lang='lat' dir='ltr'><strong>loquutus</strong></span> <span class='ocrx_word' id='word_1_263' title='bbox 1351 2704 1412 2739; x_wconf 82' lang='lat' dir='ltr'><strong>est</strong></span> <span class='ocrx_word' id='word_1_264' title='bbox 1449 2700 1540 2741; x_wconf 89' lang='lat' dir='ltr'><strong>loco</strong></span> <span class='ocrx_word' id='word_1_265' title='bbox 1577 2701 1656 2740; x_wconf 84' lang='lat' dir='ltr'><strong>iam</strong></span> <span class='ocrx_word' id='word_1_266' title='bbox 1708 2711 1716 2726; x_wconf 94' lang='grc'><strong>-·</strong></span> 
     </span>
    </p>
   </div>
  </div>
 </body>
</html>
