1716 3164
471 649 1076 747 EPIMETRUM
1135 689 1184 746 1.

699 893 961 901 -———-—-———

383 1038 456 1080 DE
499 1037 846 1079 PHORMIONE
886 1036 1275 1079 CROTONIATA.

92 1160 343 1222 Scholiasta
372 1180 478 1223 Veu.
508 1179 560 1219 ad
590 1179 801 1233 Aristoph.
835 1179 932 1219 Pac.
963 1179 1072 1219 347:
1103 1174 1244 1219 αὐτοῦ
1276 1181 1291 1234 (
1308 1179 1572 1222 Phormionis

90 1252 382 1303 Atheniensis)
421 1247 644 1304 μέμνηται
666 1245 690 1290 ὁ
720 1246 908 1304 κωμικὸς
938 1247 984 1290 ἐν
1011 1245 1218 1292 Ἱππεῦσι
1244 1250 1321 1292 καὶ
1356 1249 1575 1306 Νεᾳέλαις

91 1322 167 1363 καὶ
203 1318 528 1375 Βαβυλωνίοις,
569 1316 764 1370 Εὔπολις
797 1317 1160 1376 Αστρατεύτοις.
1220 1320 1245 1363 ὁ
1292 1321 1340 1363 δὲ
1376 1320 1576 1378 δεύτερος

90 1383 148 1445 ἦν
176 1392 337 1450 κωφὸς,
365 1392 588 1448 μέμνηται
614 1392 692 1434 καὶ
720 1388 952 1447 Στράττις.
982 1390 1128 1473 τρίτος
1155 1389 1321 1448 μοιχός,
1351 1393 1576 1449 Κρατῖνος

88 1461 360 1523 Ἀταλάντη.
419 1464 626 1520 τέταρτος
651 1460 967 1520 Κροτωνιάτης
993 1460 1187 1519 ἀρχαῖος,
1224 1465 1446 1522 Κρατῖνος
1466 1466 1576 1522 Τρο-

89 1534 257 1595 φωνίῳ.
314 1535 513 1591 πέμπτος
541 1530 723 1591 ἀρχαῖος
750 1532 1022 1587 Ἀθηναῖος,
1051 1535 1166 1590 μετὰ
1203 1532 1391 1578 Σόλωνα
1427 1533 1577 1592 ἄρξας,

92 1604 286 1658 Εὔπολις
319 1606 366 1648 ἐν
406 1602 584 1662 Δήμοις.
660 1609 707 1650 ln
745 1609 826 1649 hoc
870 1609 1169 1650 Phormionum
1212 1623 1413 1660 recensu,
1453 1623 1578 1663 quem

94 1686 266 1734 propter
297 1681 453 1721 Cratini
483 1680 725 1721 memoriam
755 1695 795 1734 p.
814 1681 898 1721 143
929 1681 1060 1734 attigi,
1090 1682 1238 1722 mirum
1271 1682 1402 1722 videri
1431 1682 1577 1735 possit,

95 1752 330 1805 neglectum
362 1765 454 1792 esse
483 1765 507 1791 a
535 1752 758 1792 scholiasta
779 1752 1076 1793 Phormionem
1111 1765 1220 1803 eum,
1252 1766 1375 1805 quem
1402 1753 1578 1793 Dioscu-

93 1835 163 1864 ros
192 1823 368 1876 hospitio
399 1822 610 1875 excepisse
637 1829 784 1864 auctor
813 1828 878 1864 est
909 1824 1158 1865 Plutarchus
1189 1825 1242 1864 de
1266 1825 1438 1877 Epicur.
1463 1824 1577 1865 decr.

94 1907 136 1947 p.
165 1894 279 1934 11⁰3
305 1896 362 1936 A:
402 1888 641 1947 Σωκράτης
678 1887 878 1947 οἰόμενος
917 1890 1039 1952 αὐτῷ
1077 1891 1128 1934 τὸ
1168 1890 1404 1948 δαιμόνιον
1433 1891 1580 1934 διαλέ-

35 1977 38 1979 ·
94 1963 264 2017 γεσθαι
292 1960 380 2005 ὑπὸ
409 1960 648 2018 εὐμενείας,
677 1965 752 2004 καὶ
784 1963 1013 2021 Πίνδαρος
1050 1961 1222 2006 ἀκούων
1251 1962 1337 2006 ὑπὸ
1368 1963 1448 2006 τοῦ
1478 1964 1580 2004 [Ια-

92 2033 168 2085 νὸς
206 2031 408 2094 ᾄδεσθαί
444 2049 488 2077 τι
528 2034 659 2090 μέλος
687 2027 751 2075 οἷν
786 2033 922 2086 αὐτὸς
956 2034 1150 2088 ἐποίησε,
1178 2032 1365 2094 μετρίως
1389 2033 1582 2091 ἔχαιρενς

91 2101 122 2158 ἢ
154 2106 368 2164 Φορμίων
398 2104 500 2157 τούς
527 2103 834 2163 Διοσκούρους,
866 2103 894 2157 ἢ
924 2105 1002 2149 τὸν
1037 2104 1319 2159 Ἀσκληπιὸν
1347 2108 1582 2165 Σοφοκλῆς

95 2176 272 2230 ξενίζειν
310 2174 442 2228 αὐτός
484 2193 529 2220 τε
572 2175 845 2234 πειθόμενος
883 2180 958 2221 καὶ
995 2178 1082 2220 τῶν
1112 2177 1258 2220 ἄλλων
1287 2174 1427 2228 οὕτως
1456 2176 1581 2234 ἐχόν-

95 2261 184 2288 των
215 2247 290 2288 διὰ
319 2247 400 2298 τὴν
429 2250 668 2303 γενομένην
696 2247 984 2303 ἐπιᾳάνειανς
1032 2252 1172 2291 Patria
1202 2253 1314 2292 hunc
1346 2252 1476 2293 fuisse
1504 2253 1582 2293 La·

97 2320 410 2361 cedaemonium
451 2334 501 2361 ex
540 2322 743 2372 Pausania
775 2323 835 2361 ΙΙΙ
881 2323 933 2361 16
970 2322 1239 2374 intelligitur,
1276 2324 1347 2375 qui
1386 2336 1491 2375 quae
1531 2323 1584 2363 de

99 2392 393 2432 Dioscurorum
443 2393 627 2446 hospitio
674 2393 805 2432 tribus
848 2393 985 2432 verbis
1030 2393 1273 2444 significavit
1320 2394 1583 2437 Plutarchus,

97 2463 303 2514 copiosius
345 2464 575 2516 explicavit.
646 2463 685 2503 Is
723 2463 832 2503 enim
864 2463 1160 2503 Phormionem
1190 2463 1437 2516 Spartiatam
1469 2464 1584 2503 affir-

97 2537 181 2572 mat
221 2534 262 2573 in
303 2534 406 2573 urbe
451 2534 875 2574 Lacedaemoniorum
913 2533 1167 2573 inhabitasse
1217 2534 1411 2584 domum,
1461 2548 1582 2588 quam

98 2603 196 2643 olim
238 2604 469 2644 tenuissent
505 2604 794 2657 Tyndaridae,
834 2604 903 2656 qui
946 2616 1072 2655 quum
1112 2604 1333 2657 aliquando
1373 2605 1583 2659 hospitum

100 2673 275 2727 Cyrenis
314 2687 360 2714 se
399 2674 540 2714 venire
577 2676 860 2715 simulantium
907 2674 1050 2714 habitu
1088 2675 1198 2728 apud
1243 2688 1337 2716 eum
1377 2676 1581 2718 devertis-

109 2747 226 2794 sent,
268 2757 443 2798 eamque
473 2745 552 2786 sibi
583 2745 729 2786 cellam
761 2745 934 2786 concedi
964 2745 1140 2796 vellent,
1177 2759 1255 2799 qua
1297 2747 1420 2798 olim,
1457 2759 1584 2800 quum
