1716 3158
550 160 1004 206 ARlSTOPHANES.
1436 157 1522 198 937

45 289 134 332 nuit
157 298 203 327 se
233 283 364 331 Cleo,
401 279 478 321 sed
515 280 637 320 etiam
669 283 814 332 postea
841 276 1069 317 insectatus
1098 276 1161 314 est
1190 271 1522 326 Aristophanem,

45 368 241 413 quorsum
271 357 430 407 spectat
459 352 532 391 ille
561 351 679 391 locus
713 349 941 401 Vesparum
973 346 1070 386 inde
1101 359 1124 385 a
1153 358 1190 385 v.
1225 344 1357 384 1284:

217 418 322 465 Εἰσί
350 436 476 472 τινες,
509 414 555 462 οἵ
581 415 634 474 μ’
666 415 813 470 ἔλεγον
842 413 899 464 ὠς
929 410 1301 466 καταδιηλλάγην,

213 491 346 546 ἡνίκα
379 492 532 534 Κλέων
565 486 618 545 μ’
652 484 951 543 ὑπετάραττεν
978 483 1258 540 ἐπικείμενος,

214 563 291 607 καί
318 579 371 619 με
400 560 572 610 κακίαις
602 557 765 601 ἔκνισε·
797 548 916 599 κᾶθ’
945 550 1013 598 ὅτ’
1046 551 1343 612 ἀπεδειρόμην

215 634 369 683 οὑκτὸς
398 632 553 685 ἐγέλων
582 631 695 686 μέγα
722 625 964 685 κεκραγότα
996 624 1233 681 θεώμενοι,

216 704 344 750 οὐδὲν
373 700 445 761 ἄρ’
479 700 587 758 ἐμοῦ
615 702 761 757 μέλον,
793 695 901 743 ὅσον
932 699 978 741 δὲ
1007 695 1147 754 μόνον
1176 693 1354 750 εἰδέναι,

217 773 500 831 σκωμμάτιον
527 773 671 815 εἴποτέ
702 788 744 814 τι
773 769 1046 826 θλιβόμενος
1075 769 1261 823 ἐκβαλῶ.

219 848 363 891 ταῦτα
391 844 583 890 κατιδών
610 841 695 886 ὑπό
727 859 770 885 τι
797 842 954 900 μικρὸν
982 838 1243 893 ἐπιθήκισα.

178 963 181 964 ⁷
217 912 311 962 εἶτα
341 919 420 960 νῦν
448 915 720 970 ἐξηπάτησεν
745 913 768 966 ἡ
797 912 939 970 χάραξ
970 913 1051 965 τὴν
1080 910 1293 967 ἄμπελον.

49 995 144 1035 Νοη
181 997 354 1047 possunt
390 993 495 1032 baec
530 990 682 1031 referri
718 990 770 1030 ad
808 989 913 1029 illud
957 993 1144 1040 tempuS,
1191 987 1304 1039 quod
1342 989 1530 1040 proxime

48 1065 299 1118 Babylonios
338 1065 574 1104 insecutum
617 1065 705 1102 est:
742 1074 837 1101 nam
874 1064 977 1100 tunc
1016 1059 1130 1099 nullo
1161 1063 1283 1111 pacto
1323 1060 1530 1101 eiusmodi

48 1148 192 1176 rumor
230 1137 408 1176 existere
445 1134 602 1187 potuit,
642 1133 962 1186 Aristophanem
1014 1143 1108 1170 cum
1151 1130 1312 1171 Cleone
1352 1131 1395 1172 in
1435 1144 1531 1185 gra-

53 1207 152 1246 tiam
181 1206 380 1247 rediisse:
411 1206 523 1245 hunc
554 1205 663 1244 enim
691 1217 904 1244 rumorem
934 1202 1002 1242 vel
1021 1203 1204 1256 Equites
1234 1207 1426 1243 evertere
1457 1203 1531 1243 de-

52 1277 229 1318 bebant:
258 1289 402 1317 verum
432 1276 666 1316 necessario
698 1275 922 1316 referenda
951 1274 1057 1314 haec
1079 1277 1175 1313 sunt
1205 1273 1257 1313 ad
1290 1274 1395 1314 illud
1426 1278 1533 1315 tem-

53 1360 145 1402 pus,
175 1348 286 1400 quod
303 1348 461 1400 Vespas
490 1348 677 1400 proxime
707 1346 956 1400 praecessit:
998 1349 1168 1398 apparet
1198 1346 1326 1398 igitur
1352 1346 1452 1386 satis
1483 1347 1534 1386 li-

54 1419 180 1472 quido
212 1431 262 1459 ex
289 1418 371 1458 hoc
399 1419 507 1467 loco,
539 1417 754 1465 Cleonem,
784 1421 1004 1469 postquam
1022 1417 1326 1470 Aristophanes
1357 1418 1535 1469 Equites

55 1491 217 1540 docuit,
253 1490 378 1530 tertio
419 1491 584 1543 poetam
623 1487 667 1527 in
696 1486 895 1527 iudicium
925 1489 1162 1538 vocavissc,
1202 1492 1455 1541 poetamque
1492 1489 1535 1531 in

54 1573 249 1615 magnum
278 1560 500 1601 discrimen
529 1559 755 1600 adductum
786 1572 893 1599 esse.
961 1561 1100 1612 Atque
1141 1560 1266 1600 etiam
1303 1561 1339 1600 si
1369 1560 1536 1601 deesset

54 1633 138 1674 hoc
167 1634 475 1682 documentum,
509 1632 621 1685 quod
651 1643 816 1671 omnem
839 1630 1140 1671 dubitationem
1159 1631 1283 1680 tollit,
1313 1645 1396 1673 non
1426 1636 1539 1673 esset

57 1703 146 1744 veri
174 1705 308 1744 simile
325 1704 526 1743 Cleonem
556 1708 638 1743 tam
662 1703 868 1756 patienter
897 1702 1042 1742 tulisse
1072 1707 1227 1743 tantam
1256 1703 1540 1756 ignominiam,

60 1778 212 1828 quanta
241 1773 538 1827 Aristophanes
565 1774 701 1827 ipsum
731 1773 951 1813 affecerat:
987 1774 1157 1826 indigne
1187 1780 1326 1814 autem
1356 1774 1427 1815 hic
1455 1775 1541 1816 fert

61 1851 200 1900 poeta,
240 1845 351 1897 quod
381 1846 544 1898 probris
583 1858 630 1885 se
661 1844 826 1885 laedant
856 1845 900 1894 ii,
939 1846 1010 1897 qui
1040 1846 1175 1898 ipsum
1207 1845 1468 1886 deseruerint
1496 1847 1540 1888 in

60 1917 229 1966 iudicio,
264 1915 375 1968 quod
405 1917 594 1957 dictitent
623 1917 757 1969 ipsum
774 1929 866 1956 cum
884 1917 1043 1956 Cleone
1070 1916 1113 1956 in
1146 1918 1318 1969 gratiam
1351 1917 1542 1968 rediisse,

52 1988 132 2041 *qui
179 1999 439 2040 nequaquam
486 1989 688 2029 laboranti
738 1988 1043 2029 succurrerint=
1099 2000 1194 2027 nam
1235 1988 1346 2041 quod
1385 1989 1543 2042 legitur

62 2072 102 2100 v.
133 2060 246 2100 1286
274 2047 390 2114 κᾷτα
419 2060 672 2113 indignantis
703 2064 792 2109 est,
831 2072 969 2112 neque
998 2071 1098 2099 vero
1130 2059 1182 2099 ad
1211 2063 1378 2113 tempus
1406 2061 1543 2101 refer-

0 2185 1 2189 *
64 2134 147 2180 tur,
176 2130 258 2170 hoc
289 2131 400 2170 enim
424 2131 523 2170 dicit
541 2135 681 2184 poeta,
711 2135 756 2171 et
785 2136 943 2180 tamen,
974 2143 1067 2171 cum
1096 2131 1143 2171 in
1173 2131 1424 2171 discrimine
1452 2145 1545 2172 ver-

64 2215 195 2250 sarer,
226 2202 264 2241 ii
284 2203 358 2255 qui
376 2202 531 2255 procul
557 2217 585 2242 a
609 2202 800 2256 periculo
831 2206 968 2251 erant,
996 2202 1209 2251 ridebant,
1233 2202 1408 2255 placide
1428 2202 1546 2243 Cleo-

66 2287 162 2312 nem
191 2273 494 2324 vociferantem
523 2274 772 2313 audientes.-
809 2270 924 2324 μέγα
951 2267 1194 2326 κεκραγότα
1231 2274 1464 2313 rectissime
1495 2274 1549 2314 de

70 2343 230 2383 Cleone
264 2342 351 2383 viro
390 2344 578 2395 populari
619 2343 772 2382 dictum
813 2346 898 2391 est,
938 2342 1007 2394 qul
1043 2342 1344 2383 vociferatione
1383 2348 1425 2384 et
1464 2345 1549 2385 cla-

70 2425 188 2454 more
217 2413 437 2466 plurimum
478 2414 660 2462 valebat,
698 2413 838 2464 itaque
877 2413 974 2453 alibi
1012 2413 1163 2453 dicitur
1199 2414 1356 2455 habere
1395 2412 1550 2469 φωνὴν

65 2478 294 2538 χαράδρας
324 2478 518 2539 ὄλεθρον
546 2478 768 2530 τετοκυίας
797 2488 867 2523 aut
896 2479 1129 2537 κεκράκτης
1147 2480 1435 2539 Κυκλοβόρου
1451 2500 1549 2540 (sw-

70 2554 152 2608 νὴν
182 2554 312 2610 ἔχωνς
345 2558 453 2597 male
482 2557 605 2610 vulgo
637 2555 687 2596 ad
718 2555 1039 2608 Aristophanem
1069 2555 1272 2597 referunt.
1339 2557 1424 2598 lam
1455 2559 1549 2599 Ari-

0 2626 2 2634 *
73 2630 295 2683 stophanes
334 2629 457 2679 dicit,
499 2629 599 2678 sibi,
637 2642 730 2669 cum
773 2628 1131 2668 animadvertisset
1171 2640 1314 2681 parum
1354 2630 1550 2682 praesidii

0 2698 3 2747 k

77 2713 171 2742 esse
203 2701 246 2741 in
275 2701 446 2755 populo,
484 2701 612 2741 satius
641 2701 772 2761 visum
810 2712 918 2749 esse,
959 2700 1112 2740 cedere
1142 2699 1310 2741 Cleonis
1339 2702 1550 2754 potentiae

79 2776 122 2811 et
168 2772 416 2824 aliquamdiu
470 2771 666 2813 simulare
722 2772 913 2813 amicum.
994 2774 1050 2814 Et
1097 2771 1287 2827 profecto
1333 2777 1550 2825 postquam
