1716 3164
671 169 984 215 AHMMAI.
1464 170 1577 213 1⁰9⁹

105 287 217 339 Τοὺς
258 283 424 342 ἄνδρας
467 285 559 328 κτλ.
637 288 795 329 Eadem
835 286 987 328 Suidas
1026 279 1176 339 ἀπιχρ.
1227 288 1271 326 et
1312 285 1466 326 omisso
1503 298 1576 326 co-

95 362 281 404 moediae
323 360 490 402 nomine
531 359 768 414 Etymolog.
811 359 869 399 M.
914 372 952 411 p.
994 357 1077 398 124
1117 358 1187 398 27.
1255 357 1376 398 Adde
1416 357 1575 399 Polluc.

95 434 152 476 lx
185 432 280 473 153.

205 614 408 671 Ἀνδρῶν
437 611 636 656 ἐπακτῶν
668 609 792 652 πᾶσα
823 605 1012 666 γάργαρ’
1045 607 1169 651 ἑστία
1200 609 1456 668 (δέδεκται).

207 731 436 772 Scholiasta
468 727 680 781 Aristoph.
714 726 892 767 Acharn.
925 738 963 766 v.
993 725 1021 764 B
1052 729 1094 764 et
1124 724 1273 766 Suidas
1303 739 1336 766 s.
1368 740 1405 767 v,
1443 724 1579 781 Ψαμ-

92 797 495 855 μοκοσιογάργαρα.
538 825 592 831 --
633 796 709 838 καὶ
749 795 803 836 τὰ
843 794 1044 850 γάργαρα
1075 792 1120 835 δὲ
1151 794 1224 835 ἐπὶ
1253 791 1461 846 πλήθους
1491 796 1579 837 ἐτί-

91 872 205 914 θετο
242 868 300 921 ὠς
338 871 384 912 ἐν
423 868 617 924 Λίμναις
667 869 846 918 (Suidas
886 862 1113 920 Λήμναις,
1161 867 1341 907 correxit
1382 867 1579 920 Kiister).

91 940 294 998 Ἀνδρῶν
330 939 534 983 ἑπακτῶν
570 938 696 981 πᾶσα
737 932 940 993 γάργαιρ’
974 933 1116 979 ἑστία.
1181 939 1371 992 Toupius
1402 941 1580 983 Emend.

94 1016 136 1057 in
167 1014 399 1057 Suid.V111
431 1013 599 1066 p.400:
632 1006 742 1050 πᾶσ’
774 1003 1002 1063 ἐγάργαιρ’
1035 1005 1183 1059 ἑστία,
1214 1013 1255 1050 at
1285 1011 1580 1063 imperfectum

94 1085 198 1126 ferri
228 1086 293 1126 vix
323 1090 477 1140 potest,
508 1096 602 1123 cum
632 1083 768 1135 ipsum
798 1083 1130 1134 Argonautarum
1160 1081 1382 1123 adventum
1412 1096 1582 1137 reprae—

96 1162 300 1198 sentatum
338 1170 430 1197 esse
470 1155 555 1196 veri
594 1154 647 1194 sit
677 1154 956 1194 simillimum:
996 1152 1138 1205 itaque
1178 1152 1279 1193 olim
1320 1165 1582 1196 correxeram

98 1224 223 1267 πᾶσα
253 1227 480 1284 γαργαίρει
509 1222 671 1277 στόα,
711 1225 777 1266 vel
808 1220 932 1264 πᾶσα
963 1217 1191 1279 γαργαίρει
1220 1218 1406 1272 πόλις,
1438 1238 1584 1279 quem-

99 1298 322 1340 admodum
354 1301 548 1342 Cratinus
579 1299 679 1340 dixit
709 1297 833 1337 ibid.:
861 1290 1068 1347 Ἀνδρῶν
1097 1289 1293 1348 ἀρίστων
1321 1295 1447 1335 πᾶσα
1477 1310 1584 1352 γαρ-

98 1365 241 1423 γαίρει
265 1365 404 1420 πόλις.
465 1373 519 1413 At
549 1384 647 1411 vero
678 1367 900 1410 scholiasta
929 1366 1005 1406 ille
1035 1366 1175 1420 potius
1203 1367 1449 1408 substantivi
1478 1365 1584 1423 γάρ·

98 1453 215 1494 γαρα
246 1452 365 1481 usum
396 1442 586 1496 exemplo
617 1440 756 1492 aliquo
787 1439 1027 1478 firmaturus
1059 1443 1149 1488 est,
1180 1438 1320 1490 itaque
1350 1438 1433 1479 hoc
1461 1441 1584 1482 resti-

100 1511 185 1560 tui,
215 1511 354 1552 addito
401 1510 690 1560 δέδεκται,
731 1509 842 1562 quod
873 1508 996 1549 facile
1026 1510 1162 1561 potuit
1195 1509 1318 1558 elabi,
1348 1510 1469 1551 sicuti
1500 1516 1584 1553 sta-

100 1581 173 1622 tim
210 1596 260 1623 ex
299 1583 569 1624 Aristomenis
608 1581 782 1623 Boethis
819 1580 924 1620 haec
966 1580 1110 1620 affert:
1149 1574 1318 1619 ’Ένδον
1358 1577 1441 1635 γὰρ
1479 1577 1585 1635 ἡμῖν

101 1649 322 1707 γάργαρα,
371 1668 477 1707 quae
516 1655 676 1707 integra
722 1653 902 1693 servavit
943 1652 1182 1692 Macrobius
1223 1651 1259 1693 V
1295 1652 1377 1692 20:
1418 1646 1587 1694 >Ένδον

103 1721 186 1777 γὰρ
215 1721 320 1776 ἡμῖν
350 1723 472 1764 ἐστὶν
505 1721 678 1778 ἀνδρῶν
707 1717 921 1776 γάργαρα.
982 1723 1182 1763 Similiter
1206 1722 1308 1763 dixit
1337 1725 1514 1766 Alcaeus
1543 1728 1585 1768 in

104 1796 507 1849 Comodotragoedia
537 1796 658 1837 ibid.:
685 1789 804 1846 Ὀρῶ
836 1790 861 1831 δ
877 1788 1083 1833 ’ἄνωθεν
1113 1789 1302 1848 γάργαρ’
1330 1791 1587 1849 ἀνθρώπων

103 1861 242 1922 κύκλῳ
273 1873 315 1907 et
344 1869 524 1920 tragicus
554 1867 663 1920 apud
694 1866 981 1905 scholiastam:
1018 1860 1258 1917 χρημάτων
1296 1878 1340 1904 τε
1370 1862 1585 1923 γάργαρα,

106 1943 147 1979 at
175 1934 430 1993 γαργαίρειν
461 1952 510 1979 ex
540 1938 761 1993 Sophrone
793 1943 834 1976 et
865 1937 1034 1977 Cratino
1067 1937 1176 1976 idem
1208 1936 1384 1990 profert.

225 2142 286 2186 Οὐ
318 2143 499 2201 κρανίον
529 2141 764 2200 λάβρακος,
795 2141 891 2200 οὐχὶ
922 2140 1121 2200 κάραβον
1149 2141 1397 2200 πρίασθαι,

218 2226 296 2271 οὐκ
325 2228 499 2285 ἔ;χε).υν
532 2227 770 2281 Βοιωτίαν,
800 2228 851 2272 οὐ
880 2230 1085 2288 γλαῦκον,
1115 2226 1213 2285 οὐχὶ
1242 2226 1419 2272 θύννου

220 2311 529 2368 ὑπογάστριον.

225 2430 463 2469 Athenaeus
496 2428 572 2470 V11
605 2442 646 2481 p.
676 2429 756 2469 311
790 2430 844 2470 C:
890 2427 978 2467 Καὶ
1013 2423 1352 2482 Ἀριστοφάνης
1382 2456 1436 2464 —-
1466 2427 1513 2470 ἐν
1543 2429 1590 2471 δὲ

111 2498 334 2551 Λημνίαις
365 2501 512 2550 (codd.
546 2502 615 2541 AB
647 2495 902 2553 Λὴμναις)·
940 2495 1003 2539 Οὐ
1033 2498 1214 2555 κρανίον
1244 2497 1464 2556 λάβρακος
1494 2498 1590 2557 οὐχὶ

111 2565 309 2624 κάραβον
348 2568 598 2624 πρίασθαι,
637 2566 698 2618 ῶς
725 2566 946 2626 διαφόρου
975 2567 1102 2619 ὄντος
1132 2569 1210 2611 τοῦ
1242 2569 1327 2611 τῶν
1357 2570 1590 2628 λαβράκων

112 2638 367 2695 ἐγκεᾳάλου,
397 2637 607 2697 καθάπερ
636 2641 710 2681 καὶ
740 2640 839 2683 τοῦ
870 2641 976 2682 τῶν
1007 2638 1269 2694 γλαύκων,
1332 2645 1475 2697 ltaque
1505 2660 1588 2687 non

117 2713 294 2754 dubitavi
325 2715 499 2754 alterum
529 2714 831 2766 fragmentum,
864 2716 1011 2755 eodem
1042 2716 1165 2768 plane
1196 2729 1368 2757 numero
1398 2729 1588 2768 compre-

118 2783 312 2833 hensum,
349 2787 486 2827 statim
525 2786 799 2838 subiungere:
839 2787 990 2838 legitur
1021 2793 1158 2828 autem
1191 2789 1301 2841 apud
1331 2785 1588 2828 Athenaeum
