1716 3158
590 124 1039 169 Ams'rOPHANES.
1471 118 1556 170 9⁰8

81 242 404 295 disputaverunt,
435 240 504 281 alii
535 245 687 290 autem,
718 240 826 282 God.
856 241 1135 291 Hei-mannus,
1166 240 1416 291 Boedinus,
1447 242 1557 283 Mei—

83 313 226 354 nekius
268 312 441 353 eandem
481 313 763 364 quaestionem
802 312 1052 365 attigerunt:
1096 316 1289 365 tantaque
1332 314 1557 354 sententla-

76 395 168 424 rum
200 390 343 428 exorta
375 388 438 423 est
470 383 699 431 diversitas,
730 386 776 422 ut
806 395 931 435 aegre
966 397 1014 424 ex
1045 382 1110 423 his
1141 383 1272 423 turbis
1305 387 1347 424 et
1377 384 1558 437 scopulis

0 433 23 457 l'
77 459 119 494 te
149 454 355 506 expedias.
418 455 619 506 Equidem
650 453 690 492 in
721 453 888 494 illorum
919 453 1098 493 virorum
1131 454 1348 494 sententiis
1378 467 1556 507 percen-

79 525 221 566 sendis
251 538 333 566 non
365 525 670 573 commorabor,
701 523 774 563 sed
806 524 908 564 mihi
948 524 1043 577 quid
1089 524 1175 563 veri
1205 525 1458 566 simillimum
1500 525 1559 566 vi-

78 596 248 644 deatur,
279 609 324 635 re
354 596 524 635 multum
557 594 708 646 diuque
739 594 957 646 pensitata,
986 607 1201 646 exponam.

188 665 360 707 Athenis
399 665 467 717 qui
506 665 685 706 fabulam
727 665 903 717 aliquam
936 666 1087 706 docere
1126 664 1349 717 cupiebant
1389 669 1555 718 poetae,

80 749 151 777 eos
181 737 286 789 apud
316 741 556 788 praetorem
589 749 737 777 nomen
770 749 889 776 suum
920 736 1109 790 profiteri
1141 736 1394 787 chorumque
1424 735 1555 789 impe-

86 813 194 847 trare
224 807 453 858 oportebat,
485 807 609 859 quod,
631 819 722 849 cum
755 807 989 848 uberrimus
1021 811 1130 847 esset
1152 810 1368 859 poetarum
1402 810 1443 846 et
1473 810 1556 846 tra-

76 878 260 931 gicorum
304 881 346 917 et
384 877 634 917 comicorum
679 883 929 931 proventus,
972 878 1095 919 dubia
1137 882 1274 918 autem
1314 881 1356 916 et
1397 877 1556 917 incerta

75 948 221 988 summi
253 947 513 1008 magistratus
543 949 697 1000 gratia,
730 949 1013 1002 periculosum
1045 962 1143 988 sane
1183 948 1419 1000 negotium:
1460 960 1554 987 nam

72 1018 138 1057 vel
176 1018 463 1071 spectatissimi
503 1023 654 1071 poetae
694 1031 775 1060 non
813 1020 943 1059 semel
983 1019 1198 1058 adversam
1239 1018 1554 1071 magistratuum

73 1088 325 1128 voluntatem
362 1091 458 1128 sunt
497 1090 679 1141 experti:
719 1090 776 1129 ita
807 1089 1005 1142 Sophocli
1036 1094 1188 1141 poetae
1223 1101 1387 1128 summo
1425 1088 1551 1128 homo

73 1159 277 1211 pessimus
307 1159 544 1213 Gnesippus
574 1161 779 1201 antelatus
812 1164 898 1210 est,
937 1160 1046 1212 quod
1090 1173 1217 1213 aegre
1247 1159 1331 1199 fert
1361 1159 1553 1200 Cratinus

73 1229 115 1271 ln
147 1229 385 1270 Pastoribus
414 1230 485 1269 Fr.
520 1229 582 1270 11:

291 1297 376 1348 ’Ὃς
404 1295 481 1339 οὐκ
509 1293 639 1339 ἔδωκ’
673 1290 872 1340 αἰτοῦντι
899 1297 1142 1354 Σοφοκλέει
1167 1293 1315 1352 χορόν,

291 1366 350 1426 τῷ
385 1364 642 1423 Κλεομάχου
672 1365 733 1420 δ’,
766 1365 819 1411 ὃν
848 1367 947 1410 οὐδ’
975 1364 1032 1409 ἂν
1061 1365 1213 1420 ἠξίουν
1241 1366 1321 1422 ἐγώ

291 1437 390 1492 ἐμοὶ
420 1436 644 1480 διδάσκειν
672 1435 774 1482 οὐδ’
807 1435 864 1481 ἂν
891 1435 952 1489 εἰς
975 1435 1193 1481 Ἀδώνια.

70 1511 159 1551 Neo
189 1510 324 1552 minus
353 1512 522 1565 indigna
552 1512 722 1553 fortuna
752 1513 958 1554 acciderat
998 1512 1079 1566 ipsi
1110 1512 1279 1553 Cratino
1310 1507 1550 1551 comoediae

71 1582 261 1635 principi,
290 1587 336 1623 ut
365 1587 542 1624 testatur
571 1583 613 1624 in
646 1584 790 1624 eadem
820 1584 981 1633 fabula,
1011 1583 1093 1625 vid.
1125 1581 1386 1636 Hesychius:
1424 1575 1550 1633 Πῦρ

71 1651 198 1706 πυρὶ
230 1649 378 1706 ἔγχει
432 1652 654 1707 Κρατῖνος
685 1648 773 1693 ἀπὸ
805 1649 1095 1708 ὅιθυράμβου
1124 1650 1171 1693 ἐν
1199 1646 1443 1697 Βουκόλοις
1471 1644 1550 1703 ἀρ·

73 1717 257 1773 ξάμενος
286 1719 434 1771 ἐπειδὴ
461 1720 596 1778 χορὸν
622 1718 700 1764 οὐκ
730 1720 888 1776 ἔλαβεν
917 1721 1038 1779 παρὰ
1069 1721 1146 1764 τοῦ
1175 1718 1403 1778 ἄρχοντος,
1435 1715 1544 1774 παρ’

70 1783 122 1832 οὗ
150 1787 309 1849 ᾐτήκει.
366 1795 427 1834 uti
464 1796 543 1835 ista
578 1796 738 1835 correxi
778 1797 819 1835 in
862 1797 1093 1837 comment.
1125 1808 1168 1848 p.
1201 1796 1257 1835 30
1287 1805 1378 1846 sqq.
1437 1791 1547 1844 Quid

69 1864 178 1917 quod
208 1864 311 1905 illud
339 1865 471 1918 ipsum
504 1878 634 1919 genus
665 1866 828 1906 dicendi
854 1863 990 1921 χορὸν
1019 1858 1158 1905 αἰτεῖν
1200 1869 1242 1905 et
1267 1859 1403 1917 χορὸν
1432 1859 1546 1915 λαμ·

28 1958 30 1960 v
68 1928 220 1987 βάνειν
254 1936 298 1977 in
336 1937 600 1989 proverbium
633 1937 732 1976 abiit
766 1935 818 1975 de
856 1937 920 1986 iis,
961 1937 1030 1988 qul
1072 1935 1228 1989 aliquid
1266 1946 1461 1988 magnum
1502 1937 1545 1974 et

66 2019 191 2060 grave
229 2010 378 2060 petunt
415 2012 485 2047 aut
522 2007 768 2060 impetrant,
809 2007 891 2049 vid.
928 2007 1028 2048 ibid.
1066 2021 1107 2062 p.
1138 2006 1207 2047 33.
1280 2006 1374 2047 Non
1416 2005 1544 2058 igitur

67 2078 230 2126 mirum,
274 2078 308 2117 si
338 2078 511 2118 iuvenes
541 2082 711 2130 poetae,
742 2079 812 2132 qui
842 2078 1024 2119 nondum
1056 2082 1173 2118 erant
1203 2075 1376 2130 spectati
1407 2076 1541 2116 nulla-

65 2161 146 2199 que
181 2148 260 2187 alia
299 2161 346 2188 re
386 2149 675 2199 commendati,
712 2162 806 2190 cum
846 2154 985 2190 essent
1025 2149 1203 2202 primum
1243 2147 1424 2188 fabulam
1465 2146 1539 2187 ali-

64 2231 186 2269 quam
217 2218 392 2266 docturi,
422 2219 806 2260 verecundabantur
836 2221 1038 2271 anxieque
1068 2219 1246 2270 aliquem
1273 2217 1540 2269 quaerebant,

65 2288 182 2327 cuius
211 2287 455 2329 auctoritate
485 2292 527 2327 et
555 2290 686 2340 gratia
714 2290 792 2341 ipsi
823 2294 1053 2329 uterentur.
1094 2289 1267 2329 Accedit
1297 2287 1379 2326 huc
1409 2286 1541 2328 Athe-

65 2357 218 2397 niensis
239 2357 381 2409 populi
411 2358 452 2396 in
483 2354 774 2398 iudicando‘et
803 2359 1000 2398 severitas
1031 2363 1072 2397 et
1102 2358 1267 2397 levitas:
1299 2370 1390 2396 nam
1408 2356 1538 2396 Athe-

67 2427 269 2467 niensium
315 2427 479 2479 ingenia
516 2441 609 2468 cum
642 2434 780 2468 essent
810 2429 1094 2469 subactissima
1125 2427 1369 2479 liberalique
1399 2426 1537 2466 erudi-

67 2498 179 2538 tione
218 2498 484 2550 politissima,
523 2512 603 2541 uon
635 2503 771 2540 tamen
805 2499 1081 2539 abhorrebant
1111 2513 1134 2539 a
1163 2499 1332 2538 levitate
1354 2497 1535 2557 insigni,

64 2568 121 2608 ita
158 2573 205 2608 ut
242 2581 369 2620 saepe
406 2582 587 2610 summos
624 2575 769 2622 poetas
823 2571 947 2623 longe
993 2570 1259 2613 inferioribus
1312 2570 1535 2621 postpone-

65 2643 171 2679 rent.
231 2639 355 2680 Unde
385 2641 495 2680 enim
527 2653 672 2681 censes
702 2641 977 2694 repetendum
1008 2654 1122 2690 esse,
1153 2641 1230 2680 nisi
1260 2639 1311 2680 ab
1339 2639 1420 2680 hac
1447 2638 1533 2680 ani-

70 2720 234 2751 morum
265 2711 407 2752 mobili
437 2711 729 2763 fluctuatione,
769 2712 880 2765 quod
918 2725 1000 2754 non
1032 2711 1253 2766 Euripides
1283 2710 1431 2761 solum,
1461 2709 1534 2750 sed
