1716 3164
714 168 809 211 ΓΗ
814 168 947 213 ΡΑΣ.
1500 175 1586 217 995

99 289 237 330 autem
268 283 534 334 Suevernius,
565 285 636 337 qui
666 286 922 338 peculiarem
955 284 1292 326 dissertationem
1322 286 1375 328 de
1401 287 1481 329 hac
1511 302 1583 330 co·

97 357 259 398 moedia
305 356 490 396 Berolini
532 357 645 396 1827
683 357 836 406 edidit,
886 357 1017 397 sensit
1058 360 1223 410 poetam
1273 357 1352 398 hac
1404 359 1584 413 imagine

96 428 310 481 proposita
351 427 455 466 nihil
494 426 606 466 aliud
637 440 758 479 quam
796 428 931 480 ipsum
962 428 1162 480 populum
1194 428 1516 480 Atheniensem,
1559 444 1583 472 a

97 499 214 538 malis
246 498 437 538 omnibus
467 497 686 537 liberatum
727 502 768 536 et
806 498 886 537 iam
918 497 1247 549 resipiscentem,
1289 505 1581 552 repraesenta-

95 569 217 609 visse.
289 570 343 609 At
381 580 461 619 quo
503 572 692 619 tempore
729 568 848 607 docta
899 569 953 607 sit
992 569 1208 609 comoedia
1254 568 1429 609 difficile
1468 571 1582 612 dictu

96 645 173 689 est,
204 652 298 681 cum
328 638 472 678 aetatis
502 637 639 678 nullae
670 638 798 678 insint
828 645 965 690 notae,
997 639 1076 679 nisi
1106 638 1216 692 quod
1247 639 1587 694 Fragmxxlv,

97 710 300 751 Eucrates
330 712 701 749 commemoratur:
733 713 775 749 at
804 709 928 750 huius
962 710 1130 762 quidem
1160 710 1238 749 viri
1268 711 1468 750 memoria
1498 724 1582 753 non

96 781 261 821 videtur
289 779 426 832 magni
457 780 656 818 momenti
686 779 836 830 fuisse,
877 781 950 821 sed
995 781 1110 834 quasi
1149 781 1284 831 obiter
1323 780 1434 821 facta
1473 795 1580 822 esse.

98 851 206 892 Illud
237 855 372 890 tamen
405 849 567 889 videtur
604 851 850 901 verisimile,
891 865 971 892 non
1016 857 1112 892 ante
1139 853 1296 905 Vespas
1326 856 1458 892 actam
1489 865 1583 893 esse

96 923 385 962 Senectutem:
424 925 466 960 at
509 921 620 972 quod
654 922 907 962 Suevernius
938 937 978 975 p.
1010 924 1066 963 2³.
1097 937 1187 975 sqq.
1227 923 1371 963 statuit
1413 935 1582 963 comoe-

95 991 202 1032 diam
255 996 450 1045 praetore
494 992 657 1032 Aminia
707 992 752 1034 h.
792 1006 830 1033 e.
874 994 1040 1046 Olymp.
1090 994 1305 1034 LXXXIX
1350 995 1376 1032 2
1426 994 1582 1046 Diony-

94 1063 166 1103 siis
195 1063 364 1103 urbanis
396 1062 558 1102 doctam
591 1075 704 1112 esse,
735 1063 777 1102 id
809 1077 952 1116 parum
983 1065 1146 1104 idoneis
1177 1064 1323 1103 nititur
1353 1076 1578 1116 argumen-

93 1135 178 1183 tis,
226 1146 332 1186 quae
384 1133 552 1185 quidem
597 1134 759 1187 singula
807 1135 1062 1188 redarguere
1100 1136 1271 1187 longum
1319 1138 1402 1174 est:
1453 1146 1583 1174 unum

95 1205 249 1257 aliquid
280 1204 495 1252 indicabo,
532 1216 677 1255 parum
708 1206 923 1258 probabile
955 1219 1050 1247 esse
1080 1210 1266 1259 poetam,
1309 1205 1378 1257 qui
1408 1204 1585 1258 singulis

95 1275 188 1315 fere
220 1275 338 1315 annis
369 1274 553 1327 singulas
584 1276 823 1316 comoedias
850 1277 1077 1329 scripserit,
1115 1281 1214 1316 tunc
1251 1275 1373 1315 simul
1403 1279 1490 1314 tres
1518 1274 1583 1315 fa-

95 1347 212 1387 bulas
243 1345 503 1386 exhibuisse:
535 1358 628 1384 nam
645 1345 822 1388 Lenaeis
852 1348 1040 1387 eiusdem
1070 1346 1167 1386 anni
1189 1346 1348 1398 Vespas
1378 1349 1420 1384 et
1453 1345 1584 1385 Proa-

93 1430 244 1471 gonem
276 1417 429 1456 docuit.
491 1416 546 1455 At
577 1428 676 1455 vero
709 1417 761 1457 ad
790 1418 895 1457 illud
925 1422 1105 1469 tempus,
1137 1416 1249 1468 qnod
1278 1415 1390 1454 inter
1422 1412 1584 1468 Vespas

92 1487 138 1530 h.
167 1501 204 1528 e.
244 1487 408 1540 Olymp.
442 1487 656 1527 LXXXIX
687 1489 713 1528 2
754 1492 797 1527 et
826 1489 935 1528 Aves
975 1488 1016 1528 h.
1051 1501 1086 1527 e.
1128 1487 1294 1540 Olymp.
1325 1484 1421 1525 XCI
1452 1486 1478 1525 2
1515 1485 1582 1525 in-

93 1558 292 1607 tercedit,
333 1557 427 1598 fere
465 1558 604 1598 nullae
639 1557 806 1598 fabulae
843 1558 1109 1607 referuntur,
1155 1568 1291 1609 neque
1329 1558 1468 1595 tamen
1506 1567 1584 1608 per

93 1635 175 1670 tam
206 1629 376 1681 longum
406 1629 605 1681 temporis
643 1631 820 1682 spatium
853 1643 1023 1683 prorsus
1054 1628 1308 1668 conticuisse
1338 1626 1583 1678 Aristopha-

94 1713 189 1740 nem
228 1703 553 1739 consentaneum
591 1703 677 1749 est,
720 1701 863 1752 itaque
906 1712 1061 1740 censeo
1100 1699 1368 1739 Senectutem
1397 1695 1584 1749 proxime

95 1771 246 1811 Pacem
286 1771 467 1823 priorem
510 1774 580 1810 aut
621 1783 908 1823 praegressum
955 1775 1025 1811 aut
1071 1773 1257 1810 secutam
1298 1779 1413 1815 esse,
1461 1767 1584 1818 eique

95 1841 274 1894 tempori
303 1842 403 1882 satis
434 1843 556 1882 etiam
589 1843 782 1882 convenit
811 1843 900 1895 ipsa
927 1841 1168 1882 comoediae
1184 1838 1290 1879 ratio
1315 1850 1363 1878 ac
1393 1840 1553 1878 natura.

315 2066 683 2126 Ὀφθαλμιάσας
714 2070 897 2125 πέρυσιν
927 2060 1009 2109 εἶτ’
1043 2065 1171 2122 ἔσχον
1201 2064 1355 2116 κακῶς,

318 2152 474 2197 ἔπειθ’
511 2153 862 2212 ὑπαλειφόμενος
893 2150 1006 2210 παρ’
1042 2150 1190 2208 ἰατρῷ

207 2269 357 2309 Pollux
392 2270 448 2311 IV
481 2270 582 2309 180.
610 2264 947 2322 ’Λριστοφάνης
976 2266 1022 2307 ἐν
1053 2265 1111 2306 τῶ
1142 2258 1265 2318 Γηρα
1296 2259 1437 2315 ([ησὶν
1463 2253 1582 2312 Osp-

95 2333 362 2390 θαλμιάσας
393 2336 574 2392 πέουσιν
602 2335 683 2377 εἰτ’
713 2334 842 2390 ἔσχον
870 2337 983 2387 (cod.
1004 2335 1228 2376 Falckenb.
1245 2330 1458 2382 ἑπέσχων)
1487 2327 1582 2370 κτλ..
1630 2375 1639 2381 x

95 2408 231 2449 Senex
271 2408 325 2448 de
360 2409 577 2449 oculorum
619 2409 868 2461 lippitudine
904 2419 985 2460 qua
1023 2407 1183 2446 laborat
1223 2401 1414 2456 exponit;
1463 2403 1582 2440 recte

94 2483 234 2519 autem
270 2478 375 2519 haec
403 2478 656 2520 Suevernius
693 2480 746 2519 ad
784 2479 927 2532 populi
959 2475 1223 2518 Atheniensis
1260 2471 1582 2525 imprudentiam

94 2552 138 2589 et
166 2561 330 2589 caecam
362 2550 480 2601 quasi
510 2550 720 2590 levitatem
752 2549 966 2596 transfert,
998 2548 1039 2587 in
1071 2559 1121 2587 eo
1153 2550 1292 2585 tamen
1324 2556 1346 2582 a
1377 2554 1477 2582 vero
1507 2542 1581 2603 ab-

96 2620 260 2668 erravit,
293 2619 404 2671 quod
435 2620 488 2660 de
517 2621 634 2662 Nicia
665 2626 857 2674 tanquam
890 2619 960 2671 qui
988 2618 1055 2658 his
1085 2616 1203 2656 malis
1234 2614 1475 2655 mederetur
1507 2625 1580 2651 co-

96 2688 251 2740 gituit,
281 2691 393 2743 quod
424 2691 514 2731 iure
543 2691 790 2744 improbavit
819 2692 866 2731 C.
883 2690 931 2729 F.
950 2690 1177 2728 Hermann.
1206 2685 1258 2724 de
1283 2697 1467 2737 persono.
1497 2681 1579 2722 Ni-

98 2759 193 2798 ciae
222 2772 262 2812 p.
293 2761 361 2800 13.

1201 2825 1256 2864 63
1289 2827 1306 2845 *
