1716 3164
0 257 1 309 ἕ
59 267 190 312 λύκου
219 265 354 325 πτερὰ
384 271 647 324 proverbium
678 273 731 314 de
760 273 888 316 rebus
918 268 1156 324 ἀδυνάτοις
1184 274 1282 318 245.

59 343 272 395 Lycurgus
303 342 531 396 Aegyptius
561 343 630 383 32.

56 409 308 464 λυχνοκῶσα
338 413 435 453 377.

54 478 208 535 λύχνος
239 487 281 522 et
309 479 541 535 λυχνοῦχος
571 483 695 522 1060.

58 554 201 606 Lydae
232 553 411 606 virgines
442 554 611 593 Dianam
644 553 830 594 colentes
859 555 956 595 892.

57 619 310 676 λυγίσματα
341 627 382 663 et
412 619 597 675 λυγίζειν
626 622 722 663 566.

57 694 313 748 Lysistnatus
343 694 517 735 callidus
550 698 757 734 veterator
789 694 913 734 1034.

749 819 817 863 Μ.

51 900 314 959 μαγείραινα
344 905 441 944 277.

55 971 203 1029 μακρὰ
231 970 350 1028 τείχη
380 974 634 1015 Athenarum
665 975 763 1015 219.

52 1039 238 1099 μανάκις
267 1046 295 1086 i.
325 1058 364 1097 q.
395 1038 608 1097 παυράκις
634 1046 730 1087 696.

52 1110 195 1169 μάνης
222 1119 264 1155 et
292 1112 435 1168 μανῆς
463 1116 562 1156 398.

52 1187 199 1227 Manes
227 1186 268 1226 in
299 1186 451 1226 cottabi
481 1186 578 1225 ludo
609 1186 706 1225 398.

52 1253 191 1310 μανὸς
219 1258 350 1310 prima
381 1257 494 1296 brevi
525 1257 623 1296 379.

52 1327 303 1368 Mantinicae
332 1322 582 1378 γογγυλὶὸες
612 1326 709 1367 243.

54 1397 322 1438 Marcellinus
352 1398 393 1436 in
427 1398 507 1437 vita
538 1397 729 1450 Thucyd.
762 1397 1004 1437 emendatus
1036 1399 1130 1440 105.

52 1468 256 1521 Marpsias
287 1472 329 1508 et
359 1467 528 1508 Orestes
559 1469 716 1509 Calliae
746 1469 981 1508 adulatores
1011 1469 1108 1509 490.

52 1533 340 1590 μάσμα202.

51 1604 283 1662 μασχάλην
312 1604 452 1662 αἴρειν
482 1609 579 1647 198.

51 1679 256 1720 Maximus
286 1679 416 1719 schol.
452 1679 503 1719 ad
533 1679 701 1731 Diony-⁶1.
732 1679 885 1732 Areop.
920 1679 1015 1720 114.
1047 1679 1143 1720 658.

53 1750 267 1802 Megacles
297 1751 394 1790 992.

54 1817 287 1871 Μέγαλλος
317 1827 360 1860 et
391 1816 623 1866 Μέταλλος
645 1819 743 1861 323.

49 1890 289 1942 Megallium
321 1894 574 1943 unguentum
606 1891 728 1930 1161.

49 1960 358 2012 Megarensium
390 1961 609 2000 ostentatio
639 1962 681 2001 in
713 1961 946 2003 decoranda
976 1976 1099 2005 scena
1130 1964 1226 2004 418.

47 2028 202 2085 μεῖραξ
231 2032 281 2070 ad
310 2031 420 2071 viros
451 2031 692 2071 translatum
723 2032 793 2071 47.

46 2097 256 2154 μὲλαινὰς
285 2115 336 2142 an
366 2102 490 2154 piscis
521 2115 670 2142 nomen
702 2103 798 2142 109.

49 2171 186 2211 Meles
215 2173 478 2212 citharoedus
508 2173 608 2213 257.

49 2238 248 2294 μελλιέρη
277 2243 470 2283 sacerdos
500 2243 683 2295 Ephesia
714 2243 811 2282 422.

48 2311 279 2352 Menander
308 2312 404 2352 230.

48 2378 298 2434 μεμνοίμην
329 2387 370 2422 et
397 2375 637 2436 μεμνῴμην
664 2381 761 2421 249.

46 2449 183 2504 μέσον
206 2451 342 2504 τεῖχος
371 2454 412 2494 in
443 2452 706 2492 munimentis
737 2452 992 2495 Athenarum
1023 2458 1118 2498 218.

47 2516 292 2574 μεσόκοπος
324 2524 441 2605 173.

45 2658 105 2713 μὴ
134 2655 227 2711 εἰκῆ
256 2658 334 2702 τὸν
355 2657 562 2713 ”Αβυὸον
590 2667 687 2708 403.

42 2730 236 2782 μηνυτὴς
266 2734 318 2774 de
347 2733 500 2775 semina
530 2737 627 2777 202.

1422 164 1534 205 1277
