1716 3164
215 162 322 203 1⁰90
713 160 1125 203 ARISTOPHANIS

213 269 310 321 δίας
349 269 491 323 τινὰς]
538 266 770 320 Κώκαλον,
811 269 857 311 ἓν
895 262 942 327 ᾦὶ

215 338 372 394 §sofista
411 338 594 396 φθορὰν
630 341 702 381 καὶ
731 338 904 394 ἄναγνα)

213 408 370 466 ρισμὸν
409 411 483 451 καὶ
524 407 660 450 τᾶλλα
711 407 853 451 πάντα
899 406 931 450 ἔτ’

216 477 394 530 ἐζήλωσε
413 480 681 535 ,Μένανδρος
723 478 799 521 'Er
832 478 925 521 τού-

214 565 272 607 τῳ
302 550 346 590 δὲ
376 547 568 606 δράματι
607 551 840 601 συνέστησε
871 550 929 607 τῷ

170 648 173 654 ·
212 618 377 672 πλήθει
435 619 511 662 τὸν
554 618 650 660 υἱὸν
705 618 926 676 Ἀραρότα

211 693 284 733 καὶ
310 685 423 732 οὕτω
445 687 680 743 μετήλλαξε
710 689 786 730 τὸν
815 689 926 743 βίον,

213 761 374 810 πᾳῖδας
401 759 652 801 καταλιπών
682 761 808 813 τρεῖς,
845 759 925 801 Φί-

212 832 373 873 λιππον
406 827 637 884 ὁμώνυμον
672 829 729 885 τῷ
765 827 927 886 πάππῳ

212 902 283 942 καὶ
330 898 633 955 Νικόστρατον
674 900 746 939 καὶ
788 895 924 954 ’Λρα-
951 902 1001 941 Aa
1022 898 1030 910 '
1060 893 1112 941 οὗ
1141 902 1212 942 καὶ
1237 901 1404 953 ἐδίδαξε
1425 900 1502 943 τὸν
1520 902 1662 942 Πλοῦ-

211 968 331 1027 (iota.
355 971 474 1018 Τινὲς
505 970 549 1009 δὲ
579 965 656 1009 δύο
685 967 812 1023 φασί,
839 969 923 1010 Ψί-
950 966 1039 1013 τὀν.

212 1041 373 1082 λιππον
400 1039 473 1079 καὶ
499 1034 724 1093 ’Λραρότα
753 1039 839 1079 κτλ.

213 1128 295 1168 lam
323 1126 474 1178 optime
492 1125 625 1164 omnia
640 1124 887 1177 procedunt:
917 1127 1058 1164 auctor
1076 1125 1194 1172 vitae,
1223 1123 1347 1163 homo
1362 1138 1442 1164 non
1461 1123 1661 1172 indoctus,

211 1198 333 1237 tradit
365 1209 414 1235 eo
453 1199 652 1246 tempore,
681 1207 761 1244 quo
805 1194 1040 1233 comoediae
1078 1193 1239 1237 licentia
1277 1194 1474 1233 effrenata
1504 1193 1662 1245 legibus

211 1267 403 1308 restincta
443 1263 591 1310 fuerit,
630 1263 942 1314 Aristophanem
979 1264 1222 1302 necessitate
1254 1267 1432 1303 coactum
1466 1276 1577 1310 esse,
1617 1267 1662 1301 ut

214 1335 414 1378 eiusmodi
452 1336 690 1385 argumenta
734 1333 927 1384 eligeret,
967 1333 1007 1371 in
1048 1332 1193 1383 quibus
1231 1339 1371 1383 postca
1410 1332 1661 1370 recentiores

213 1406 355 1448 comici
386 1408 532 1456 poetae
562 1403 879 1442 elaboraverint:
912 1402 1032 1441 liuius
1062 1402 1120 1439 rei
1153 1403 1438 1440 documentum
1469 1401 1661 1440 Cocalum

212 1476 391 1516 fabulam
434 1472 621 1519 exhibet,
664 1484 782 1522 quam
823 1472 987 1522 quidem
1017 1459 1310 1522 Aristophanes
1341 1484 1419 1510 non
1451 1483 1548 1518 suo,
1587 1470 1660 1510 sed

213 1544 394 1587 Ararotis
423 1542 497 1580 filii
529 1542 691 1580 nomine
721 1541 932 1579 docuerit:
971 1552 1051 1579 non
1079 1540 1134 1579 ita
1165 1541 1289 1579 multo
1325 1545 1417 1591 post
1445 1545 1606 1591 poetam
1638 1552 1660 1577 e

211 1616 295 1655 vita
331 1611 556 1652 decessisse
603 1614 768 1661 tresque
808 1609 917 1648 filios
955 1610 1183 1660 reliquisse.
1250 1610 1364 1648 Haec
1400 1612 1441 1647 et
1478 1609 1585 1656 inter
1614 1619 1659 1651 se

212 1688 304 1738 apta
334 1688 456 1734 atque
495 1692 673 1732 congrua
703 1683 795 1719 sunt
835 1683 877 1718 et
916 1678 1180 1730 locupletium
1219 1678 1381 1717 testium
1421 1677 1660 1716 auctoritate

213 1755 450 1794 firmantur:
504 1762 671 1802 prorsus
718 1749 825 1787 enim
875 1749 1118 1788 conveniunt
1168 1760 1258 1786 cum
1307 1747 1383 1786 ista
1430 1747 1658 1785 didascalia.

215 1825 296 1863 lam
327 1833 423 1861 vero
454 1821 596 1871 postea
626 1818 838 1870 imperitus
880 1818 1025 1866 homo,
1062 1817 1130 1868 qui
1163 1816 1324 1855 Plutum
1356 1816 1511 1868 legerat
1540 1828 1660 1866 repe-

212 1896 402 1944 reratque
432 1889 487 1928 ibi
517 1887 774 1935 adnotatum,
811 1887 1025 1938 aliquando
1056 1886 1291 1926 comoediae
1321 1885 1550 1925 libertatem
1579 1884 1660 1924 fra-

213 1967 317 2001 ctam
358 1971 448 1998 esse
485 1962 527 1996 et
563 1960 660 1995 tnnc
691 1956 1006 2007 Aristophanem
1049 1941 1235 1994 docuisse
1268 1955 1456 2002 Plutum,
1504 1954 1659 1993 studuit

215 2031 279 2070 his
308 2029 377 2068 illa
407 2026 656 2078 amplificare
687 2029 728 2064 et
758 2026 971 2076 supplere:
1012 2024 1084 2062 sed
1122 2029 1166 2062 ut
1206 2024 1281 2062 ista
1311 2024 1419 2071 inter
1447 2035 1491 2061 se
1524 2022 1656 2062 conci-

215 2100 350 2146 liaret,
391 2095 506 2147 fingit
538 2094 671 2133 denuo
701 2094 1046 2144 circumscriptam
1076 2105 1166 2131 esse
1197 2092 1446 2131 comoediam
1476 2092 1658 2132 arctiori-

214 2170 290 2208 bus
317 2166 480 2212 finibus,
511 2167 552 2202 et
582 2167 672 2215 post
702 2163 895 2202 Cocalum
926 2162 1078 2201 editum
1110 2174 1201 2213 esse
1230 2162 1419 2201 Plutnmz
1448 2166 1540 2213 post
1571 2175 1658 2201 rur-

200 2233 296 2285 *suS‚
334 2233 403 2275 ubi
443 2233 624 2274 Ararotis
665 2232 815 2271 mentio
845 2231 952 2271 sacta
990 2235 1072 2279 est,
1111 2230 1281 2282 margini
1321 2230 1534 2282 adscripsit
1561 2231 1659 2270 ista:

216 2302 284 2345 δι’
315 2292 367 2342 οὗ
404 2301 476 2340 καὶ
514 2298 684 2349 ἐδίδαξε
723 2297 798 2338 τὸν
826 2297 1050 2346 Πλοῦτον,
1087 2305 1305 2351 utrumque
1341 2300 1658 2340 additamentum

216 2388 307 2416 cum
337 2372 579 2424 irrepsisset,
610 2371 670 2410 bis
700 2370 807 2408 idem
825 2370 972 2408 dixisse
990 2370 1097 2409 visus
1127 2374 1190 2408 est
1218 2374 1372 2418 auctor,
1402 2370 1510 2421 quod
1539 2382 1657 2421 quam

217 2446 268 2484 sit
305 2441 550 2488 absurdum,
589 2440 711 2478 facile
752 2439 921 2490 quilibet
950 2439 1163 2491 intelligit:
1193 2440 1271 2478 iam
1303 2439 1443 2478 eiectis
1471 2438 1558 2477 istis
1586 2437 1656 2478 ad-

217 2511 446 2552 ditamentis
475 2511 633 2561 integra
663 2509 797 2548 omnia
825 2514 930 2548 sunt.
962 2510 1000 2556 *)

313 2707 342 2750 ’)
369 2706 561 2739 Consimilis
587 2718 683 2741 error
707 2710 759 2740 est
783 2706 949 2740 admissus
975 2706 1008 2739 in
1033 2707 1150 2743 eadem
1177 2705 1243 2738 vita
1266 2715 1366 2747 snpra
1383 2706 1589 2747 {mxxxvii
1615 2706 1654 2738 3:
