1716 3164
566 127 1016 170 ARISTOPHANES.
1449 129 1531 171 ⁰21

54 257 135 300 que
181 242 411 296 excogitata
447 254 592 295 parum
629 243 911 295 perspexisse:
964 252 1100 293 neque
1133 252 1234 280 vero
1272 252 1318 281 se
1365 253 1532 285 omnem

56 329 169 368 spem
202 315 415 363 abiecisse,
445 314 584 365 itaque
614 312 778 353 fabulae
808 312 1021 353 iterandae
1043 311 1273 364 periculum
1300 324 1345 351 se
1367 311 1533 364 fecisse,

57 386 249 438 quoniam
291 385 388 424 inde
429 384 479 424 ab
521 396 571 423 eo
610 387 827 435 tempore,
869 395 950 435 quo
982 382 1160 434 primum
1192 382 1430 423 comoedias
1460 383 1534 425 do-

60 456 205 504 cuerit,
235 455 478 495 benevolam
509 454 782 506 spectantium
813 454 1067 494 voluntatem
1100 452 1154 491 sit
1184 456 1404 503 expertus:

111 521 246 565 ’Am'
274 520 375 564 οὐδ’
401 518 459 571 ὥς
488 518 610 576 ὑμῶν
637 520 755 563 ποθ’
785 519 891 563 ἑκών
920 516 1136 576 προδώσω
1166 518 1269 568 τούς
1299 518 1480 572 δεξιούς.

116 594 161 646 ἐξ
191 588 297 635 ὅτου
325 591 408 649 γὰρ
434 588 600 634 ἐνθάδ’
632 589 713 633 ὑπ’
741 588 928 648 ἀνδρῶν,
958 585 1024 641 οἷς
1053 588 1140 642 ἡδὺ
1167 590 1243 631 καὶ
1271 589 1423 644 λέγειν,

117 663 141 705 ὁ
173 661 360 720 σώφρων
388 677 433 704 τε
457 660 518 718 χώ
550 660 819 717 καταπύγων
847 659 1000 716 ἄριστ’
1028 657 1292 713 ἠκουσάτην,

115 731 246 788 κάγώ,
274 734 500 789 παρθένος
529 733 613 790 γάρ
643 731 710 775 ἔτ’
738 723 780 784 ἦ,
810 730 915 775 κούκ
944 732 1045 786 ἐξῆν
1074 729 1138 774 πω’
1172 746 1253 786 μοι
1280 733 1432 788 τεκεῖν,

118 805 324 858 ἐξέθηκα,
355 806 460 854 παῖς
489 803 539 845 δ’
570 802 692 860 ἑτέρα
722 819 788 854 τις
816 801 1002 859 λαβοῢσ’
1042 800 1250 855 ἀνείλετο,

90 863 240 932 χύμεῖς
268 872 315 917 δ’
347 875 618 932 ἐξεθρέψατε
648 873 858 930 γενναίως
887 871 1228 925 κάπαιδεύσατε,

123 945 169 987 ἐκ
197 943 356 987 τούτου
384 961 461 1002 μοι
491 945 628 989 πιστὰ
655 943 763 1004 παρ’
796 943 901 1001 ὑμῖν
930 943 1105 1001 γνώμης
1135 939 1244 985 ἔσθ’
1279 937 1419 1000 ὅρκια.

58 1018 291 1060 Confitetur
327 1021 454 1073 igitur
494 1034 539 1062 se
568 1021 610 1061 in
640 1022 772 1074 prima
801 1020 964 1070 fabula,
1007 1020 1050 1059 in
1082 1017 1419 1066 Daetalensibus‚
1457 1015 1532 1057 do-

59 1090 189 1130 cenda
229 1090 465 1132 adhibuisse
503 1089 678 1132 alienam
716 1092 985 1140 industriam,
1024 1093 1149 1142 atque
1191 1101 1285 1129 cum
1325 1088 1432 1128 haec
1462 1101 1532 1128 co-

60 1160 223 1201 moedia
252 1162 422 1214 probata
459 1167 570 1202 esset
599 1163 777 1215 populo,
818 1176 902 1211 eas,
941 1175 1048 1215 quae
1087 1161 1200 1201 illam
1238 1163 1407 1199 secutae
1436 1159 1531 1208 sint,

58 1231 215 1283 pariter
251 1233 454 1284 placuisse
493 1246 649 1274 omnes.
710 1234 796 1274 Iam
827 1234 946 1273 mitto
984 1246 1032 1272 ea
1073 1245 1178 1284 quae
1207 1232 1531 1282 subsequuntur,

59 1313 165 1353 quae
194 1302 270 1341 etsi
300 1304 399 1344 satis
430 1305 536 1344 bene
565 1305 852 1357 Aristophanis
881 1304 1026 1357 poesin
1057 1304 1289 1351 illustrant,
1327 1300 1431 1341 nihil
1469 1303 1532 1340 ta-

56 1383 151 1411 men
181 1373 393 1425 pertinent
421 1374 473 1414 ad
502 1375 610 1414 hanc
639 1375 692 1414 de
721 1388 802 1427 qua
832 1376 967 1428 agitur
996 1387 1100 1414 rem.

169 1444 223 1483 At
251 1457 350 1484 vero
381 1444 524 1495 Pacis,
555 1459 676 1499 quam
718 1447 974 1487 comoediam
1004 1446 1094 1498 ipse
1122 1441 1425 1494 Aristophanes
1443 1452 1531 1482 suo

0 1558 1 1561 Ἴ
59 1511 199 1553 docuit
213 1515 392 1566 nomine,
412 1518 622 1569 parabasis
652 1517 884 1558 adhibenda
915 1520 991 1566 est,
1022 1517 1062 1556 in
1080 1527 1160 1568 qua
1179 1514 1358 1567 primum
1388 1523 1531 1551 aemu-

0 1622 2 1628 ,
57 1583 119 1624 los
149 1590 291 1638 poetas
320 1589 582 1643 perstringit,
614 1590 683 1642 qui
713 1602 857 1644 parum
895 1587 1142 1641 tempestive
1179 1598 1225 1626 se
1260 1584 1341 1637 ipsi
1372 1582 1530 1623 collau-

61 1654 175 1704 dent,
203 1669 243 1696 v.
271 1657 378 1698 734:

121 1723 250 1778 Χρῆν
277 1727 358 1780 μὲν
386 1723 565 1769 τύπτειν
593 1725 695 1778 τοὺς
710 1724 982 1785 ῥαβδούχους
1013 1725 1058 1766 εἴ
1078 1740 1145 1774 τις
1160 1719 1532 1781 κωμῳδοποιητὴς

115 1792 252 1836 αὑτὸν
288 1794 434 1856 ἐπῄνει
472 1797 579 1854 πρὸς
625 1797 676 1840 τὸ
715 1799 912 1853 θέατρον
951 1790 1161 1852 παραβάς
1205 1795 1251 1837 ἐν
1292 1795 1383 1844 τοῖς
1420 1792 1531 1835 ἀνα-

845 1866 1062 1917 παίστοις.

49 1968 52 1971 ,
113 1931 154 1978 εἰ
171 1933 216 1977 δ’
239 1928 319 1978 οὗν
346 1933 458 1988 εἰκός
486 1954 587 1981 τινα
614 1939 813 1995 τιμῆσαι,
845 1936 1044 1995 θύγατερ
1059 1935 1172 1990 Διός,
1200 1931 1322 1986 ὅστις
1352 1933 1531 1993 ἄριστος

115 2006 569 2066 κωμῳδοδιδάσκαλος
597 2008 853 2068 ἀνθρώπων
882 2011 957 2052 καὶ
982 2006 1258 2058 κλεινότατος
1287 2009 1530 2063 γεγένηται,

114 2075 234 2131 ἄξιος
263 2070 378 2121 εἶναί
406 2079 520 2135 φησ’
548 2080 747 2137 εὐλογίας
779 2078 968 2138 μεγάλης
999 2078 1022 2122 ὁ
1055 2077 1323 2129 διδάσκαλος
1351 2077 1489 2133 ἡμῶν,

60 2151 117 2192 Se
155 2153 281 2206 igitur
317 2153 352 2193 si
381 2166 505 2206 quem
542 2156 668 2196 alium
706 2156 863 2196 celebri
900 2154 1124 2208 praeconio
1156 2154 1327 2207 dignum
1358 2166 1449 2193 esse
1481 2153 1532 2191 li-

59 2222 162 2263 bere
196 2224 438 2275 profitetur:
480 2226 648 2266 omnino
687 2231 826 2266 autem
859 2225 965 2265 haec
1003 2225 1134 2265 oratio
1162 2236 1334 2277 prorsus
1365 2222 1532 2263 confor-

61 2296 170 2332 mata
199 2296 263 2332 est
291 2292 344 2332 nd
373 2294 684 2335 similitudinem
714 2307 882 2343 eorum,
920 2307 1026 2346 quae
1056 2295 1157 2334 dixit
1186 2298 1310 2346 poeta
1339 2294 1379 2333 in
1412 2307 1531 2346 para-

60 2362 147 2403 basi
161 2363 499 2413 Acharnensium‚
529 2377 651 2416 quam
682 2365 935 2405 comoediam
959 2366 1218 2406 Callistratus
1248 2365 1400 2413 docuit,
1432 2378 1530 2406 con-

60 2432 172 2473 feras
210 2447 248 2474 v.
279 2434 362 2474 628
401 2440 443 2474 et
473 2449 578 2488 quae
608 2449 695 2489 sqq.
756 2437 840 2476 Iam
882 2437 925 2476 in
966 2436 1087 2476 Pacis
1128 2436 1317 2488 parabasi
1363 2438 1531 2490 exponit

58 2507 183 2556 poeta
221 2517 302 2556 quo
340 2505 463 2547 modo
503 2508 700 2549 comicum
739 2512 870 2548 artem
911 2521 960 2548 ex
988 2507 1136 2549 humili
1166 2507 1360 2548 extulerit
1390 2514 1432 2548 et
1462 2522 1531 2549 or-

62 2574 244 2615 naverit:

118 2643 303 2698 Πρῶτον
331 2648 412 2699 μὲν
440 2643 523 2701 γὰρ
553 2645 652 2696 τοὺς
682 2643 949 2695 ἀντιπάλους
987 2644 1122 2701 μόνος
1162 2643 1416 2702 ἀνθρώπων
1451 2662 1528 2687 κα-

845 2732 1061 2761 τεπαυσεν
