1716 3164
619 161 755 205 ΒΑΒ
765 159 1042 207 ΥΛΩΝΙΟΙ.
1500 165 1594 206 971·

297 274 446 334 ὥσπερ
473 274 749 333 ἀπόνιπτρον
777 277 991 333 ἐκχέοντες
1019 274 1219 332 ἑσπέρας,

299 345 490 399 ἅπαντες
519 347 674 402 ἐξίστω
705 346 933 407 παρῄνουν
962 349 1004 390 οἱ
1035 347 1174 402 ιμ’λοι.

105 428 293 479 Apparet
329 438 379 464 ex
408 425 488 464 hoc
525 424 617 463 loco
649 422 911 475 Megaclem,
950 423 1162 473 Coesyrae
1190 419 1322 460 tilium
1354 423 1397 459 et
1439 419 1586 460 Lamu-

105 497 216 538 dium
248 497 480 549 legatorum
510 503 682 534 munere
711 493 878 533 functos
907 505 1022 542 esse,
1060 497 1104 531 et
1134 491 1383 531 Lamachum
1416 491 1587 542 quidem

105 569 280 609 coniicio
320 567 371 606 ad
404 567 594 607 Chaonas
637 565 805 604 missum
846 562 1002 612 fuisse,
1057 562 1291 615 Megaclem
1331 561 1590 610 autem-de

105 653 187 692 quo
221 639 381 678 dicetur
409 637 534 685 alias,
562 636 624 675 illi
654 635 732 687 ipsi
762 634 983 687 legationi,
1013 634 1131 673 cuius
1163 633 1394 685 Morychus
1423 637 1513 672 erat
1542 636 1589 672 ut

106 710 270 750 videtur
311 709 530 762 princeps,
570 704 828 746 interfuisse.
861 706 902 754 *)
962 705 1045 744 lam
1077 717 1176 743 vero
1208 710 1254 743 ut
1284 703 1589 756 Aristophanes

107 781 150 821 in
184 778 513 820 Acharnensibus
530 775 847 817 Atheniensium
878 775 1042 827 legatos
1072 774 1247 823 induxit,
1279 776 1348 826 qui
1382 774 1588 815 Pseudsr·

107 852 243 892 tabam
278 849 389 902 regis
423 848 642 887 Persarum
681 847 847 887 oculum
889 852 932 885 et
969 846 1153 898 legatum
1193 858 1334 886 secum
1372 847 1588 895 ducerent,

109 922 225 975 quasi
254 922 290 961 is
318 919 434 972 regio
464 919 580 958 iussu
602 918 930 959 Atheniensibus
959 929 1062 969 opes
1091 917 1368 970 promitteret,
1399 918 1592 957 similiter

108 992 230 1031 etiam
270 991 312 1030 in
343 989 580 1041 Babyloniis
608 988 840 1028 instituisse
869 987 1058 1036 videtur,
1097 991 1144 1027 ut
1183 987 1309 1040 legati
1351 988 1392 1027 in
1424 989 1591 1028 concio·

107 1075 203 1103 nem
242 1060 386 1114 populi
423 1059 650 1099 introducti
686 1072 836 1100 aureos
877 1059 994 1112 quasi
1025 1058 1225 1111 quosdam
1267 1064 1430 1100 montes
1459 1059 1592 1100 Athe-

108 1133 319 1173 niensibus
350 1132 621 1171 minarentur.

221 1203 305 1243 Sed
338 1201 636 1254 Aristophanes
666 1214 748 1242 nou
778 1201 913 1242 solum
945 1200 1110 1251 docuit,
1139 1214 1244 1242 vana
1276 1215 1369 1243 esse
1401 1206 1447 1242 et
1476 1214 1592 1243 com-

110 1274 317 1321 menticia,
346 1285 451 1324 quae
482 1276 717 1313 exterorum
749 1274 997 1327 populorum
1027 1271 1153 1324 legati
1182 1273 1488 1325 promitterent,
1518 1287 1592 1314 ve-

110 1357 202 1385 rum
233 1344 357 1383 etiam
387 1343 583 1392 ostendit,
614 1356 735 1396 quam
766 1344 993 1384 crudeliter
1024 1343 1340 1384 Atheniensium
1372 1346 1489 1395 socii,
1521 1345 1592 1398 qui

110 1413 327 1467 vectigalia
358 1413 602 1466 penderent,
632 1427 656 1454 a
687 1415 785 1460 viris
815 1415 898 1454 illis
928 1413 1197 1466 popularibus
1228 1419 1517 1464 tractarentur,
1547 1416 1592 1456 id

110 1485 221 1538 quod
252 1485 433 1525 dilucide
461 1485 643 1525 ostendit
674 1485 1004 1527 Acharnensium
1035 1485 1270 1538 parabam,
1314 1486 1490 1527 maxime
1519 1487 1593 1528 illa

111 1557 261 1597 verba:

171 1625 265 1667 Καὶ
303 1622 404 1674 τοὺς
449 1619 615 1678 δήμους
651 1622 700 1665 ἐν
735 1625 834 1674 ταῖς
872 1618 1054 1665 πόλεσιν
1093 1621 1238 1677 δείξας
1276 1623 1336 1676 ὥς
1366 1627 1594 1684 δημοκρα-

903 1708 1097 1744 τουνται,

115 1768 233 1810 cuius
270 1768 351 1808 loci
388 1766 637 1807 sententiam
677 1779 848 1820 prorsus
888 1781 970 1808 non
1011 1769 1223 1821 perspexit
1266 1769 1473 1811 Rankius:
1517 1770 1594 1810 sed

117 1853 239 1893 quam
271 1839 405 1892 gravis
444 1838 575 1878 fuerit
612 1839 822 1878 sociorum
853 1839 1036 1879 conditio
1076 1840 1173 1879 inde
1203 1853 1227 1878 a
1258 1841 1354 1880 belli
1386 1841 1594 1894 Pelopon-

115 1911 272 1952 nesiaci
301 1910 446 1958 initio,
478 1909 580 1950 nihil
612 1910 771 1949 adtinet
801 1923 1026 1962 exponere.
1085 1911 1173 1950 llos
1202 1911 1330 1964 igitur
1357 1912 1492 1952 socios
1521 1926 1594 1953 vc·

115 1982 287 2035 ctigales
327 1981 513 2020 exhibuit
551 1981 593 2021 in
633 1993 756 2020 scena
797 1980 1121 2032 Aristophanes,
1170 1994 1367 2033 quorsum
1405 1986 1594 2034 spectant

114 2053 186 2094 Fr.
221 2052 291 2092 lx.
331 2052 383 2092 Χ.
423 2051 479 2091 Xl
517 2051 593 2100 al.;
644 2051 818 2099 deinde,
865 2058 1123 2103 quantopere
1168 2053 1218 2091 ab
1258 2053 1343 2093 illis
1381 2054 1479 2094 viris
1520 2067 1594 2106 po-

115 2123 329 2176 pularibus
369 2122 504 2161 vexati
543 2122 638 2170 sint,
679 2123 909 2162 ostendisse
945 2122 1124 2162 videtur.
1199 2125 1253 2163 At
1295 2125 1487 2176 quoniam
1532 2125 1594 2164 illi

115 2193 197 2245 ipsi
225 2192 518 2244 Dionysiorum
558 2192 816 2242 solennitati,
857 2205 936 2244 qua
973 2192 1079 2232 haec
1116 2194 1334 2234 comoedia
1363 2195 1485 2233 docta
1517 2199 1594 2243 est,

116 2263 243 2316 legati
272 2263 479 2303 sociorum
507 2262 815 2312 interfuerunt,
848 2270 891 2302 et
922 2264 1190 2315 spectabant,
1221 2276 1301 2315 quo
1332 2269 1452 2316 pacto
1483 2265 1597 2317 ipso-

211 2418 243 2461 ')
266 2417 398 2452 Nescio
415 2422 530 2452 autem
558 2430 602 2452 an
626 2418 730 2452 etiam
755 2418 894 2453 tertium
920 2419 1069 2465 aliquem
1090 2422 1242 2463 legatum
1260 2422 1362 2456 liceat
1374 2423 1426 2457 his
1444 2424 1597 2459 addere:

119 2488 267 2522 namque
291 2479 416 2512 Strabo
442 2480 452 2512 1
480 2491 513 2523 p.
538 2480 584 2514 47
616 2491 661 2514 ex
685 2481 849 2514 Damaste
874 2480 961 2515 haec
993 2482 1118 2516 refert:
1152 2480 1327 2527 Διόιιμον
1359 2484 1423 2518 τὸν
1456 2487 1597 2530 Σιρομ-

118 2540 223 2582 βίχου
247 2540 431 2583 πρεσβείας
452 2538 666 2582 Ἀθηναίων
700 2539 948 2586 ἀφηγούμενον
973 2542 1033 2576 διὰ
1055 2538 1120 2576 τοῦ
1145 2543 1293 2577 Κύδνου
1319 2539 1538 2579 ἄναπλεῦσαι
1561 2548 1597 2579 ἐκ

84 2608 88 2610 ’
120 2594 182 2640 τῆς
208 2599 373 2638 Κιλικίας
395 2603 452 2633 ἐπὶ
474 2600 536 2633 τὸν
564 2601 725 2634 Χόασπιν
750 2599 933 2646 ποιαμόγ,
972 2599 1011 2639 ὂς
1036 2599 1130 2647 παρὰ
1155 2601 1198 2636 τὰ
1227 2587 1349 2638 Zacca
1374 2606 1437 2651 ῥεῖ.
1484 2608 1597 2640 ταῦτα

123 2653 163 2690 δ’
195 2654 289 2701 αὗτῷ
323 2657 568 2703 διηγήσασθαι
599 2658 662 2694 τὸν
695 2659 880 2705 Διότιμον.
947 2663 1119 2697 Diutimus
1158 2665 1368 2699 Strombichi
1401 2665 1494 2699 filius
1529 2678 1596 2700 non

125 2718 229 2751 multo
255 2722 334 2753 ante
359 2719 492 2754 initium
520 2721 600 2755 belli
625 2722 911 2765 Peloponnesiaci
937 2722 1006 2755 (lux
1031 2709 1115 2766 suit,
1142 2725 1212 2758 vid.
1238 2725 1271 2759 T
1274 2727 1397 2769 hucyd.
1423 2728 1436 2760 l
1462 2727 1519 2769 45,
1542 2727 1595 2761 sin

126 2780 239 2810 tamen
263 2778 340 2822 quis
358 2780 459 2815 aliam
474 2782 686 2817 Strombichi
710 2782 920 2827 legationem
948 2795 1026 2818 esse
1052 2785 1238 2829 existimet,
1264 2799 1333 2821 non
1359 2787 1585 2822 intercedam.
