1716 3164
287 176 554 222 θΕΣΜθΦ
562 178 794 222 (ΙΡΙΑΖΟ
807 181 881 223 ΥΣ
881 182 951 223 ΑΙ
988 184 1102 227 ΔΙιῪ
1112 185 1312 231 ΤΕΡΑΙ.
1430 193 1539 237 1077

219 292 248 332 5
278 291 332 333 Α.
363 288 464 333 οὐδὲ
491 289 615 348 χόρι’
648 290 750 335 οὐδὲ
780 293 903 347 πῦος,
932 293 1034 337 οὐδ’
1065 288 1188 354 ἧπαρ
1216 297 1401 357 κάπρου,

271 375 373 417 οὐδὲ
401 375 625 431 σχαδόνες,
657 375 758 419 οὐδ’
780 375 983 434 ἠτριαῖον
1012 380 1262 439 δέλφακος;

283 458 386 501 οὐδ’
416 461 640 517 ἐγχέλειον,
670 460 771 504 οὐδὲ
801 459 1001 519 κάραβον
1028 466 1171 520 μέγαν

271 545 445 599 γυναιξὶ
472 545 767 590 κοπιώσαισιν
795 547 1137 605 ἐπεκουρὴσατες

155 659 395 702 Athenaeus
426 661 487 702 111
518 675 559 715 p.
591 663 674 703 104
706 664 765 704 E:
807 659 1206 718 Περισποίδαστος
1242 663 1289 705 δὲ
1327 656 1384 716 ἦν
1416 667 1522 708 πολ·

41 727 132 778 λοΐς
160 725 188 780 ἡ
218 728 297 770 τοῦ
322 726 523 785 καράβου
551 730 728 787 βρῶσις,
756 729 815 782 ὠς
845 731 939 775 ἔστι
970 733 1109 786 δεῖξαι
1140 732 1215 775 διά
1246 735 1420 777 πολλῶν
1450 736 1528 788 τῆς

40 798 272 858 κωμωδίας
298 798 455 856 μερῶν.
513 797 686 856 ἀρκέσει
717 801 763 843 δὲ
792 801 849 844 τά
880 803 960 845 νῦν
988 801 1324 861 Ἀριστοφάνης
1352 807 1399 848 ἐν
1430 809 1526 857 ταῖς

44 867 509 927 Θεσμοφοριαζούσαις
563 867 702 922 οὕτως
760 871 1136 930 leym-²123&
1197 873 1386 927 ἐώνηται
1429 877 1519 919 κτλ

37 944 110 986 Vs.
129 945 149 984 1
182 937 370 994 ἐώνηταί
399 945 492 997 τις]
524 945 660 999 Vulgo
690 958 756 993 τις
784 942 985 995 ἐώνηται.
1022 949 1192 990 Rectius
1207 949 1288 991 Vll
1307 963 1346 1002 p.
1365 950 1449 990 324
1467 952 1522 992 B:

33 1008 368 1067 ,Αριστοφάνης
415 1010 903 1070 Θεσμοφοριαζούσαις·
937 1010 1104 1070 Ἰχθῦς
1148 1013 1337 1067 ἐώνηταί
1381 1032 1448 1067 τις
1491 1034 1516 1070 η

34 1078 258 1133 σηπίδιον.
316 1085 450 1126 Recte
479 1086 736 1128 Fritzschius
766 1087 934 1140 scripsit
963 1080 1122 1139 ἰχθύς,
1154 1093 1202 1128 ut
1239 1090 1292 1129 sit
1334 1091 1521 1131 nomina-

34 1155 166 1204 tivus,
209 1168 303 1196 nam
350 1149 546 1209 ἐώνημαι
590 1158 714 1198 etiam
756 1158 966 1211 passivum
1010 1163 1095 1208 est,
1138 1164 1185 1199 ut
1227 1164 1290 1199 est
1327 1161 1369 1200 in
1410 1159 1521 1200 Pace

31 1239 71 1268 v.
102 1227 238 1267 1148:
266 1223 326 1282 τῷ
356 1223 402 1267 δὲ
435 1221 550 1267 σιτί’
582 1221 662 1267 οὒκ
691 1223 893 1278 ἐώνηται.
952 1254 1008 1261 —-
1068 1229 1140 1271 Vs.
1171 1230 1199 1270 2
1229 1229 1352 1270 codd.
1383 1225 1519 1270 πολύ-

35 1310 158 1348 πους,
188 1298 452 1338 emendatum
481 1299 525 1339 in
556 1299 623 1339 ed.
653 1299 759 1342 Ven.
799 1299 956 1341 -*vs.
986 1299 1015 1339 4
1046 1294 1201 1351 βατίς]
1233 1300 1347 1340 Libri
1377 1295 1519 1352 βάτις.

31 1367 224 1410 Correxit
261 1367 523 1419 Dindorfius‚
560 1369 672 1409 idem
713 1382 763 1410 ex
803 1369 982 1410 Porsoni
1023 1370 1262 1410 coniectura
1302 1364 1355 1410 οὗ
1394 1365 1519 1424 φήμ’,

29 1432 126 1490 ἐγώε
155 1431 208 1477 οὐ
229 1432 395 1492 χόριον.
457 1440 572 1480 Libri
603 1433 705 1479 οὐδὲ
735 1434 858 1494 φήμ’
886 1434 985 1490 ἔχω’.
1015 1433 1116 1479 οὐδὲ
1142 1433 1307 1494 χόριον.
1355 1440 1515 1494 Scripsi

0 1503 132 1548 ,οὐδ’
174 1503 266 1562 ἤμ’
302 1505 400 1561 ἐγώ.
464 1504 577 1549 Οὐδὲ
616 1504 764 1564 χόρια,
821 1511 878 1551 Et
916 1504 999 1562 ἦμὶ
1044 1509 1212 1562 quidem
1255 1511 1514 1564 Hermippus

30 1580 132 1620 dixit
159 1580 202 1621 in
233 1581 450 1622 Minervae
478 1581 695 1622 Natalibus
724 1582 797 1622 Fr.
820 1581 902 1623 Vl:
951 1575 988 1620 O
1018 1576 1139 1630 Ζεύς,
1171 1577 1348 1633 δίδωμι,
1379 1579 1515 1620 Παλ-

29 1645 120 1699 λάς,
149 1645 239 1702 ἠσί,
269 1646 483 1705 τοῦνομα,
512 1656 556 1693 et
583 1652 674 1705 ipse
704 1651 1005 1705 Aristophanes
1034 1651 1076 1692 in
1102 1651 1292 1692 Nubibus
1322 1665 1360 1692 v.
1378 1652 1513 1693 1143:

31 1721 135 1771 παῖ,
162 1716 268 1774 ἠμί,
296 1720 399 1772 παῖ’,
428 1719 524 1762 παῖ.
586 1723 694 1763 Rau.
723 1735 762 1763 v,
793 1722 874 1762 37:
916 1716 1101 1761 παιδίον
1130 1721 1238 1770 παῖ,
1264 1706 1375 1775 ips,
1411 1720 1508 1761 παῖ.

25 1787 155 1846 χόρια
186 1795 324 1833 autem
360 1793 485 1834 etiam
514 1793 773 1834 Fritzschius
803 1807 845 1846 p.
876 1792 932 1832 25
962 1792 1157 1841 restituit,
1188 1805 1282 1832 nam
1312 1804 1510 1833 numerus

26 1863 196 1917 pluralis
235 1864 401 1903 omnino
440 1864 688 1916 requirltur‚
730 1865 801 1904 ubi
840 1863 1089 1911 intensfina,
1119 1862 1231 1902 lauta
1272 1862 1409 1902 edulia
1443 1863 1509 1902 in-

24 1934 282 1988 telliguntur.
313 1958 368 1966 —
399 1933 514 1976 Vs.5
543 1931 653 1981 πυὸς
682 1934 748 1974 ed.
778 1935 954 1975 Casaub.
985 1926 1148 1979 πνύνος
1177 1933 1341 1974 Aldina.
1371 1928 1509 1980 πνυὸς

23 2005 116 2046 cod.
147 2005 196 2047 P.
254 2004 495 2046 Dindoriius
524 2002 654 2053 πῦος,
684 2008 866 2057 praestat
895 2008 1034 2044 autem
1067 2000 1181 2042 πῦον
1210 2007 1252 2043 et
1282 1997 1506 2056 σχαδόνας

24 2076 171 2126 scribi,
213 2071 263 2116 ut*
288 2076 485 2116 orationis
521 2075 791 2127 aequabilitas
820 2076 1077 2115 restituatur.
1122 2096 1172 2103 —-
1224 2075 1295 2116 Vs.
1327 2075 1354 2113 6
1392 2068 1495 2113 οὐδὲ

23 2140 234 2199 σχαδόνες
263 2147 510 2187 Βτιιηοῐάυε.
570 2147 708 2199 Vulgo
738 2141 791 2186 οὐ
821 2141 875 2195 δὴ
914 2139 1139 2198 σχαδόνες.
1198 2139 1400 2197 ἠτριαῖον
1434 2157 1502 2185 re-

22 2217 144 2270 spicit
174 2217 357 2269 Etymol.
387 2217 450 2257 M.
481 2231 522 2270 p.
552 2217 636 2257 439
665 2217 746 2256 42:
787 2209 1123 2269 Ἀριστοφάνης
1159 2209 1363 2269 ἠτριαῖον
1389 2211 1502 2266 λέγει

21 2284 68 2325 ἐν
103 2280 579 2338 Θεσμοφοριαζούσαις.
637 2310 692 2317 -—
750 2285 823 2326 Vs.
852 2287 879 2324 7
909 2283 1023 2337 μέγα
1054 2285 1146 2325 eod.
1176 2286 1228 2325 A.
1271 2310 1327 2317 —
1372 2284 1444 2325 Vs.
1472 2284 1501 2323 8

22 2357 118 2397 libri
158 2351 412 2402 κοπιώσαις.
470 2356 751 2396 Cot-rexerunt
792 2355 980 2394 homines
1027 2355 1151 2394 docti.
1212 2355 1321 2408 Dicit
1361 2358 1500 2394 autem

22 2428 128 2468 haec
145 2426 386 2478 Calligenia,
417 2429 488 2466 aut
518 2425 642 2465 etiam
673 2426 809 2476 aliqua
840 2437 889 2464 ex
906 2425 1149 2464 mulieribus
1165 2424 1500 2475 Thesmophoria

22 2497 339 2546 celebrantibus,
370 2509 476 2548 quae
492 2496 763 2549 principatum
791 2496 907 2548 quasi
935 2497 1044 2536 inter
1072 2500 1232 2535 ceteras
1259 2494 1493 2534 obtinebat:

21 2568 134 2623 quod
178 2572 316 2608 autem
358 2567 556 2608 mulieres
593 2567 690 2606 illae
718 2563 856 2608 fessae
885 2566 1100 2616 dicuntur,
1136 2563 1277 2606 refero
1316 2565 1368 2606 ad
1398 2565 1497 2606 cho-

23 2651 131 2702 reas,
160 2650 261 2693 quas
291 2638 479 2693 proximo
507 2637 577 2680 die
606 2641 704 2679 ante
733 2641 919 2691 egerant.
