1716 3164
641 135 968 200 ΠΡΟΑΙὨΝ.
1433 159 1545 202 1139

63 266 125 319 ὦς
152 267 228 310 καὶ
261 263 534 322 Φερεκράτης
557 266 604 308 ἐν
633 267 949 325 Κραπατάλοις
978 269 1157 326 εἴρηκεν.
1212 266 1555 327 Ἀριστοφάνης1

65 337 117 381 δῗ
145 338 192 379 ἐν
224 336 464 392 Προαγῶνι
499 334 739 392 Κάμνοντα
771 339 797 379 δ
816 338 825 351 ’
857 336 996 381 αὐτὸν
1023 340 1113 383 κτλ.
1183 342 1245 383 De
1274 356 1394 384 servo
1424 344 1542 386 fideli

65 412 219 452 dictum
250 411 438 461 videtur,
478 411 548 463 qui
588 424 681 452 cum
719 411 869 454 herum
905 417 1192 466 aegrotantem
1221 413 1413 466 vidisset,
1446 415 1543 470 ipse

13 490 15 540 ζ
64 495 230 536 quoque
262 482 389 524 voluit
417 485 652 535 aegrotare.

782 567 832 607 V.

273 646 328 690 Τί
356 647 435 690 οὐκ
463 647 690 698 ἐκέλευσας
720 647 993 705 παραφέρειν
1022 646 1077 689 τὰ
1108 647 1318 705 ποτήριας

178 736 418 779 Athenaeus
450 734 508 776 1x
536 749 577 789 p.
609 736 692 776 380
723 736 780 776 D:
810 733 1100 790 Παραᾳέρειν
1129 761 1184 768 —-
1209 730 1545 793 ’Λριστοφάνης

64 807 111 848 ἐν
140 804 394 862 Προαγῶνι·
441 802 495 846 Τί
524 802 602 846 οὐκ
631 803 857 855 ἐκέλευσας
886 804 976 847 κτλ.
1048 807 1189 849 Herus
1223 821 1389 851 servum
1428 811 1543 853 vide-

66 885 135 921 tur
167 878 431 932 compellare,
767 934 825 976 VI

250 1011 378 1071 “Ώρα
409 1013 605 1069 βαδίζειν
633 1012 825 1070 μούστὶν
855 1015 927 1057 ἐπὶ
957 1015 1034 1056 τὸν
1065 1013 1306 1068 δεσπότην·

262 1097 348 1152 ἤδη
382 1097 467 1156 γὰρ
497 1096 659 1150 αὐτούς
689 1101 842 1156 οἴομαι
872 1097 1168 1144 δεδειπνάναι.

181 1195 422 1236 Athenaeus
453 1193 492 1234 X
522 1207 564 1246 p.
594 1193 678 1233 422
710 1195 770 1234 E:
810 1189 1101 1233 Δεδειπνάναι
1133 1218 1183 1224 —-
1210 1188 1547 1248 Ἀριστοφάνης

66 1263 114 1304 ἐν
143 1261 406 1319 Προαγῶνιε
429 1256 557 1318 “Rea
587 1259 783 1315 βαδίζειν
810 1262 902 1306 κτλ.
962 1266 1032 1307 Vs.
1065 1266 1086 1305 l
1126 1259 1316 1318 μούστὶν
1344 1262 1418 1305 ε’πὶ
1446 1267 1549 1307 scri-

65 1336 145 1390 psi,
174 1336 266 1377 cod.
297 1336 330 1375 P
359 1347 438 1388 μοι
464 1329 581 1374 ’στὶν
609 1330 703 1385 ἐπί,
742 1336 1011 1376 casaubonus
1043 1341 1085 1377 et
1116 1337 1355 1378 Dindorflus
1385 1332 1551 1391 μούστὶ

67 1402 189 1462 πρός.
249 1407 428 1449 Videtur
458 1410 598 1446 autem
627 1405 734 1446 haec
762 1406 873 1447 idem
904 1407 975 1447 ille
1006 1420 1153 1449 servus
1182 1408 1337 1449 dicere.

757 1519 851 1562 V11.

260 1599 306 1643 Ὁ
338 1597 388 1642 δ’
422 1598 622 1656 ἀλφίτων
651 1616 696 1655 γε
726 1590 962 1657 πριάμενος
993 1603 1104 1658 τρεῖς
1127 1599 1328 1658 χοίνικας

267 1676 450 1736 κοτύλης
481 1682 666 1736 δεούσας
694 1684 831 1728 εἴκοσ’
861 1684 1180 1742 ἀπολογίζεται.

187 1772 431 1814 Athenaeus
461 1772 521 1813 xl
551 1786 592 1826 p.
622 1774 708 1814 478
737 1774 796 1815 F:
833 1769 1084 1823 Ἀθηναῖοι
1121 1773 1168 1814 δὲ
1203 1771 1364 1828 μέτρον
1392 1785 1438 1811 τε
1466 1785 1550 1812 κα-

69 1840 196 1884 λοῦσι
223 1838 424 1893 κοτύλην.
457 1870 512 1876 -
538 1838 876 1898 Ἀριστοφάνης
894 1843 1154 1899 Προαγῶνι·
1182 1840 1240 1884 ‘0
1268 1839 1318 1883 δ’
1352 1839 1555 1898 ἀλφίτων

69 1912 160 1956 κτλ.
220 1915 268 1955 lu
310 1914 491 1967 epitome
527 1910 728 1968 ἀλφίτων
764 1910 961 1967 χοίνικας
999 1915 1110 1969 τρεῖς
1143 1910 1328 1964 κοτύλης
1365 1909 1554 1962 δεούσας

70 1985 254 2038 legitur,
293 1985 525 2036 eademque
548 1985 794 2026 Eustathius
825 1999 865 2039 p.
897 1986 1009 2027 1282
1038 1987 1094 2027 52
1133 1987 1268 2027 affert.
1336 1986 1409 2028 Vs.
1440 1987 1464 2026 1
1504 1986 1552 2039 γὲ

71 2055 230 2096 addidit
260 2054 706 2109 Schweighaeuserus‚
739 2057 817 2096 nisi
847 2056 958 2097 forte
987 2058 1252 2099 scribendum
1283 2051 1308 2095 ὁ
1337 2053 1364 2095 δ
1374 2051 1387 2067 ”
1415 2051 1553 2111 α’λφί-

70 2135 159 2164 των
188 2119 426 2178 πριάμενος
455 2119 515 2173 εἷς
544 2126 657 2180 τρεῖς
680 2122 889 2180 χοίνικας.
939 2153 996 2162 —
1056 2130 1129 2171 Vs.
1158 2130 1186 2168 2
1223 2121 1362 2167 εἴκοσ’
1395 2128 1550 2168 casau-

70 2196 205 2236 bonus
235 2209 285 2236 ex
315 2197 437 2237 codd.
468 2197 608 2247 Italis,
639 2198 732 2239 cod.
764 2199 800 2239 A
831 2193 993 2237 οἴκαδ’.
1050 2200 1249 2240 Fortasse
1278 2201 1416 2239 autem
1445 2197 1552 2238 haec

74 2265 128 2306 de
155 2265 421 2329 fraudulento
451 2279 598 2318 promo
629 2268 764 2309 condo
796 2271 892 2308 sunt
921 2267 1044 2309 dicta.

764 2357 892 2420 v111.'

186 2459 424 2501 Scholiasta
466 2460 651 2502 Platonis
685 2474 729 2516 p.
760 2463 845 2504 322
883 2463 950 2504 ed.
982 2463 1160 2504 Bekker.
1200 2455 1455 2515 Παροιμία,
1494 2458 1515 2500 ἐ
1527 2472 1552 2500 ν

76 2524 229 2584 πίθῳ
271 2526 368 2578 τὴν
405 2527 734 2583 κεραμείαν,
776 2530 848 2572 ἐπὶ
892 2531 979 2572 τῶν
1009 2529 1087 2580 τὰς
1115 2526 1291 2585 πρώτας
1324 2525 1553 2583 μαθήσεις

76 2594 455 2654 ὑπερβαινόντων,
494 2595 753 2653 ἁπτομένων
789 2600 836 2642 δὲ
876 2600 964 2642 τῶν
991 2598 1202 2655 μειζόνων
1238 2600 1313 2640 καὶ
1351 2596 1437 2650 ἤδη
1466 2597 1555 2641 τῶν

0 2669 1 2676 ’
79 2667 366 2724 τελειοτὲρων.
425 2667 629 2723 κέχρηται
659 2669 705 2711 δὲ
735 2669 847 2729 αὐτῇ
871 2667 1206 2727 Ἀριστοφάνης
1235 2669 1282 2710 ἐν
1298 2668 1553 2726 Προαγῶνι.

0 2768 1 2802 ᾗ
81 2739 234 2794 legitur
263 2742 388 2795 vulgo
419 2738 661 2795 προαγῶσι.

0 2811 2 2819 ι
1184 2812 1241 2852 ⁷2
1272 2814 1291 2835 ᾖ
