1716 3158
216 159 299 199 068
795 153 1070 195 PLATONIS

917 264 970 303 II.

423 347 535 388 Νοεῖ
557 347 637 400 μὲν
666 342 775 399 ἕτερ’
810 345 933 402 ἕτερα
963 344 1008 387 δὲ
1038 343 1092 403 τῇ
1120 341 1287 402 γλώττῃ
1316 346 1439 400 λέγει.

330 454 554 496 Scholiasta
584 454 866 506 Aristophanis
895 456 968 495 Av.
999 454 1103 493 168:
1143 447 1333 491 Πλάτων
1361 448 1562 506 Σύρφακι
1590 448 1661 490 ἐπὶ

216 522 296 565 τοῦ
330 522 485 563 Τελέου
514 521 627 572 Noe?
651 548 705 555 --
734 521 856 575 λέγει.
893 521 1161 578 κωμῳδεῖται
1190 520 1234 561 δὲ
1264 515 1323 569 εἷς
1352 519 1502 562 πολλά.
1546 525 1661 574 Quae
1709 543 1715 547 ·

218 595 352 648 qualia
390 595 470 634 sint
498 597 594 645 pete
624 605 648 632 e
677 593 802 633 Suida
840 606 872 633 s.
901 607 939 633 v.
974 590 1152 642 Τελέας,
1190 593 1259 631 ubi
1300 593 1481 632 Platonis
1517 604 1659 632 versus

217 666 274 705 ita
303 665 515 704 scribitur:
546 660 640 700 νοεῖ
661 662 742 714 μὲν
771 658 880 716 ἕτερ’
906 660 1027 716 ἕτερα
1057 659 1101 700 δὲ
1130 658 1183 716 τῇ
1212 656 1376 716 γλώττῃ
1406 658 1661 715 φθέγγεται.

219 734 293 775 Cfr
322 733 527 785 Toupium
558 732 732 775 Emend.
766 733 803 774 11
833 747 874 785 p.
903 732 986 773 235
1030 736 1071 773 et
1110 744 1214 784 quae
1250 733 1339 785 ipse
1375 732 1513 772 monui
1554 730 1660 771 Hist.

218 804 309 845 crit.
337 816 378 856 p.
406 802 503 842 294.

907 890 983 930 III.

383 973 441 1015 A.
468 968 572 1014 ‘052
600 971 680 1025 μὲν
700 967 1026 1027 Ἀναγυράσιος
1054 967 1199 1026 ὀρφώς
1226 968 1319 1011 ἐστι’
1347 983 1431 1012 σοι.

383 1056 440 1100 Β.
471 1052 611 1112 τούτῳ
638 1051 766 1110 φίλος
795 1052 1022 1104 Μυνὶσκος
1050 1050 1159 1096 ἔσθ’
1193 1050 1216 1094 ὁ
1250 1050 1506 1103 Χαλκιδεύς.

384 1140 444 1184 Α.
474 1138 614 1188 καλῶς
641 1137 786 1192 λέγεις.

330 1254 565 1298 Athenaeus
602 1251 702 1293 VIII
742 1264 783 1303 p.
814 1251 960 1290 34411:
1002 1244 1229 1295 Μυνίσκος
1267 1243 1290 1287 ὁ
1326 1242 1526 1302 τραγικὸς
1558 1242 1665 1286 ὑπο-

219 1320 365 1380 κριτὴς
403 1319 671 1377 κωμῳδεῖται
705 1315 790 1360 ὑπὸ
819 1315 1059 1366 Πλάτωνος
1096 1317 1142 1357 ἐν
1168 1313 1370 1373 Σύρφακι
1397 1313 1453 1364 ὠς
1483 1312 1665 1371 ὀψοφά-

219 1407 295 1448 γος
324 1384 459 1439 οὕτως
485 1387 589 1430 Ὀδὶ
617 1390 696 1442 μὲν
723 1388 813 1431 κτλ.
878 1391 949 1432 Vs.
980 1391 1006 1429 2
1049 1385 1187 1443 τούτῳ
1225 1389 1368 1440 scripsi
1397 1401 1471 1440 pro
1501 1388 1664 1439 vulgato

214 1458 364 1503 ’ταῦθ’
391 1454 461 1509 ὥς.
519 1462 587 1502 ΑΒ
619 1454 677 1499 θ’
710 1455 821 1500 οὔθ’
851 1454 921 1506 ὠς.
966 1460 999 1499 Ρ
1029 1454 1167 1498 τοῦθ’
1200 1454 1269 1505 ὠς.
1329 1459 1409 1498 Pro
1441 1453 1666 1504 Μυνίσκος

217 1535 288 1578 AB
331 1533 486 1573 habent
514 1525 748 1577 Μύννικος.
815 1530 917 1570 Ibid.
963 1523 1072 1568 ἔσθ’
1115 1529 1397 1569 Blomfieldius
1434 1527 1570 1568 Praef.
1613 1528 1665 1567 ad

217 1602 413 1655 Aeschyli
442 1602 559 1641 Pers.
588 1614 628 1653 p.
658 1600 773 1642 VIII.
830 1600 964 1652 Vulgo
995 1593 1158 1638 ἔσοιθῖ
1201 1599 1270 1639 AB
1301 1591 1452 1638 ἕσοθ’.
1508 1597 1667 1649 Mynis-

220 1685 293 1714 cus
333 1673 404 1712 ille
438 1670 616 1710 fortasse
652 1683 782 1722 nepos
821 1669 901 1708 fuit
936 1669 1067 1718 illius,
1104 1668 1173 1720 qui
1203 1668 1395 1720 Aeschyli
1431 1671 1545 1708 actor
1572 1666 1665 1706 fuit.

220 1743 333 1785 Hinc
362 1740 523 1792 corrige
553 1752 657 1791 quae
687 1740 768 1778 dixi
798 1740 906 1779 nist.
937 1740 1026 1778 crit.
1056 1751 1097 1790 p.
1128 1737 1224 1777 294.

917 1859 986 1899 IV.

332 1946 568 1988 Athenaeus
596 1943 635 1984 X
664 1957 704 1996 p.
732 1942 818 1982 44ss
835 1955 880 1982 e:
917 1936 1052 1979 ἐνίοτε
1083 1936 1128 1978 δὲ
1157 1939 1232 1979 καὶ
1258 1937 1539 1979 συστέλλουσι
1565 1950 1616 1977 το
1646 1938 1674 1978 ι·

221 2015 373 2068 (futuri
401 2011 601 2067 πίομαι),
643 2009 700 2060 ὠς
729 2006 922 2050 Πλάτων
949 2008 996 2049 ἐν
1030 2009 1136 2058 Ταῖς
1162 2005 1245 2065 ἀφ’
1279 2007 1401 2063 ἱερῶν
1430 2010 1613 2062 (Fragm.
1630 2009 1668 2060 1)

221 2085 296 2127 καὶ
315 2083 371 2124 ’ἐν
399 2079 603 2138 Σύρφακι
633 2081 743 2122 Καὶ
772 2075 960 2120 πίεσθ’
993 2072 1133 2133 ὕδωρ
1161 2077 1308 2120 πολύ.
1357 2081 1673 2132 Correptionem

224 2157 313 2198 eius
341 2155 522 2209 syllabae
552 2166 601 2193 ex
630 2152 819 2204 antiquae
848 2151 1084 2191 comoediae
1114 2151 1246 2203 poetis
1275 2153 1439 2202 praeter
1454 2149 1668 2189 Platonem

223 2238 330 2268 unus
358 2225 435 2266 sibi
463 2223 649 2277 permisit
678 2221 879 2275 Amipsias
908 2221 1008 2261 Fab.
1038 2221 1119 2262 inc.
1149 2221 1167 2260 I
1197 2220 1237 2259 2.

927 2342 977 2383 V.

337 2427 608 2482 Harpocratio
638 2428 793 2479 1».1c7
826 2428 891 2465 10.
929 2419 1296 2469 κατάστασιςε
1338 2447 1391 2453 --
1430 2418 1565 2460 ἔοικεν
1593 2409 1703 2460 οὗν“

228 2493 432 2554 ἀργύριον
469 2494 602 2544 εἰναι,
641 2488 746 2549 ὅπερ
781 2493 823 2534 οἱ
857 2489 1211 2538 κατασταθέντες
1248 2489 1390 2538 ἱππεῖς
1425 2485 1673 2542 ἐλάμβανον

228 2567 274 2610 ἐκ
302 2565 381 2608 τοῦ
410 2563 626 2618 δημοσίου
652 2563 723 2604 ἐπὶ
751 2577 804 2620 τῃ
831 2558 1096 2603 καταστάσει
1148 2589 1203 2594 —-
1239 2557 1301 2600 ἐτι
1330 2559 1377 2600 δὲ
1405 2559 1673 2615 σαφέστερον

231 2637 397 2693 λέγεται
417 2635 465 2677 ἐν
479 2649 538 2692 τῳ
517 2631 755 2689 ”“Σύρφακι
775 2624 1022 2679 Πλάτωνος.
1053 2632 1101 2673 V.
1117 2631 1315 2674 Boeckhii
1329 2633 1427 2673 Oec.
1443 2631 1558 2674 Δια
1573 2631 1670 2671 269.
