1716 3164
621 191 623 194 .
656 154 987 200 „JAJAAAOAEX
1443 164 1551 205 1⁰15

0 257 4 335 ξ
81 275 126 311 et
153 269 206 309 in⁴
224 268 413 308 Nubibus
443 281 478 308 v.
509 268 594 309 553
632 270 811 323 Eupolin
856 272 909 312 ob
950 271 992 312 id
1031 271 1166 325 ipsum
1196 273 1376 327 graviter
1407 287 1550 328 repre-

0 337 2 350 *
77 339 244 381 hendit=

187 402 381 455 Εὔπολις
408 407 489 459 μὲν
518 405 596 446 τὸν
628 407 837 463 ὒΙαρικᾶν
867 404 1116 461 πρώτιστον
1142 407 1430 464 παρείλκυσεν

182 476 425 532 ἐκστρέψας
455 474 555 525 τοὺς
586 474 816 532 ἡμετέρους
842 475 1022 527 Ἱππέας
1051 477 1182 528 κακὸς
1206 479 1359 528 κακῶς.

73 562 208 601 neque
234 563 334 589 sane
363 548 506 600 negari
535 554 671 600 potest
700 551 809 590 inter
839 551 1012 602 Equites
1043 555 1084 590 et
1104 552 1300 592 Maricam
1332 552 1544 592 maximam

73 620 383 659 similitudinem
415 619 710 668 intercessisse,
742 625 939 671 quantum
971 621 1136 671 quidem
1168 634 1217 660 ex
1247 622 1433 673 reliquiis
1459 623 1543 661 Eu-

75 690 270 741 polideae
301 687 540 728 comoediae
571 689 707 741 colligi
738 694 889 741 potest.
948 691 1003 730 Et
1036 691 1250 730 Platonem
1282 692 1388 730 inter
1419 695 1541 742 atque

73 758 394 811 Aristophanem
424 757 504 796 iam
536 758 605 797 diu
636 759 832 799 invidiam
863 760 992 800 fuisse
1022 761 1199 811 aliquam
1231 760 1410 800 ostendit
1437 761 1541 800 illud

72 828 182 880 quod
212 828 342 867 schol.
376 828 558 869 Platonis
588 829 686 868 dicit
716 843 756 882 p.
788 830 868 869 931
902 831 968 870 ed.
1002 832 1153 870 Bekk.:
1182 828 1456 884 κωμῳδῦἴται
1486 827 1539 880 (ὁ

68 891 428 951 Ἀριστοφάνης)
466 889 535 936 ὅτι
571 897 646 936 καὶ
688 895 737 937 τὸ
777 897 851 946 τῆς
880 893 1068 953 Εἰρήνης
1105 897 1364 940 κολοσσικὸν
1394 898 1541 953 ἐξῆρεν

66 962 268 1019 ἄγαλμα,
303 962 493 1014 Εὔπολις
522 963 786 1024 Αὐτολίκῳ,
828 966 1059 1008 Πλάτων
1098 967 1313 1018 Νίκαις.
1375 973 1430 1011 Et
1459 970 1539 1010 fuit

64 1049 158 1077 cum
191 1037 404 1077 Platonem
433 1036 718 1091 Aristophanis
759 1039 974 1080 calumniis
1013 1045 1055 1080 et
1078 1041 1433 1080 'criminationibus
1471 1053 1538 1079 re-

65 1108 281 1160 spondisse
311 1108 527 1148 crederem
557 1108 599 1147 in
634 1108 863 1150 Paedario:

62 1183 86 1205 s
117 1171 179 1216 Εἰ
203 1178 283 1230 μὲν
310 1175 372 1230 μὴ
403 1173 505 1216 λίαν
533 1173 646 1220 (ὑπὸ
674 1174 832 1230 τοῦδ’)
858 1175 1018 1233 ἀνδρὸς
1047 1174 1359 1231 ἠναγκαζόμην

122 1246 312 1301 στρέψαι
341 1242 477 1300 δεῦρ’,
507 1242 586 1286 οὐκ
615 1242 670 1286 ἂν
700 1248 899 1303 παρέβην
928 1244 987 1297 εἰς
1018 1248 1135 1300 λέξιν
1166 1245 1345 1288 τοιάνδ’
1374 1244 1504 1288 ἐπῶν.

65 1319 150 1359 Sed
180 1319 298 1366 haec,
330 1323 421 1358 utut
451 1318 609 1358 incerta
640 1320 876 1359 coniectura
916 1326 991 1369 est,
1020 1325 1134 1360 certe
1165 1320 1363 1359 adversus
1392 1330 1533 1358 aemu-

60 1388 147 1428 lum
177 1395 341 1441 poetam
370 1389 518 1427 iactata
547 1394 655 1428 sunt.
700 1390 808 1429 Illud
839 1390 1006 1441 quidem
1037 1395 1195 1429 certum
1229 1390 1406 1438 videtur,
1439 1389 1532 1428 Pla-

62 1459 170 1498 tonis
211 1464 252 1498 et
283 1457 571 1509 Aristophanis
611 1459 815 1498 Daedalos
858 1472 938 1499 non
976 1459 1107 1498 solum
1143 1459 1184 1498 in
1225 1460 1373 1498 eodem
1411 1470 1533 1510 argu-

60 1532 199 1568 mento
231 1532 414 1567 versatos
444 1527 595 1577 fuisse,
637 1528 710 1567 sed
753 1529 875 1569 etiam
907 1533 953 1568 ut
982 1529 1075 1568 fieri
1104 1528 1210 1568 solet
1239 1529 1282 1568 in
1312 1528 1533 1567 verborum

59 1598 441 1649 sententiarumque
482 1599 811 1639 conformatione
850 1611 1038 1651 magnam
1069 1599 1400 1650 aequabilitatem
1431 1609 1532 1648 prae

60 1681 107 1707 se
136 1668 301 1707 tulisse:
331 1674 574 1719 argumento
606 1676 668 1708 est
699 1670 864 1721 Fragm.
893 1669 946 1710 V.
1006 1670 1113 1709 Ante
1144 1673 1364 1719 utrumque
1394 1672 1531 1706 autem

60 1737 307 1777 simillimam
338 1737 558 1789 imaginem
590 1739 832 1779 exhibuerat
863 1739 1053 1779 Cratinus
1088 1738 1127 1777 in
1162 1737 1350 1785 Nemesi‚
1379 1736 1532 1788 dispari

50 1807 132 1847 >ille
160 1808 349 1859 quidem,
383 1815 425 1846 ut
457 1821 530 1859 par
562 1815 638 1857 est,
669 1811 830 1848 ratione
859 1821 970 1848 usus.
1037 1807 1236 1848 Exhibuit
1267 1811 1405 1845 autem
1438 1805 1530 1844 Ari-

61 1876 286 1928 stophanes
319 1876 358 1916 in
391 1876 468 1915 hac
499 1879 736 1926 comoedia,
775 1883 818 1917 ut
850 1878 971 1917 docui
1002 1878 1043 1917 in
1072 1879 1345 1917 Commentat.
1376 1889 1415 1928 p.
1446 1875 1531 1937 398

60 1947 199 1987 lovem
231 1947 399 1986 Daedali
430 1960 510 1999 ope
541 1961 674 1997 usum,
713 1948 842 1988 varias
872 1947 1027 1987 formas
1057 1947 1321 1987 inducentem
1354 1946 1529 1986 Ledam-

57 2029 138 2069 que
169 2021 514 2069 corrumpentem.

783 2114 816 2153 Ῑ.

309 2190 367 2236 Εἰ
394 2191 448 2246 δή
485 2209 550 2244 τις
581 2192 703 2249 ὑμῶν
733 2185 848 2235 εἶδεν
875 2190 1136 2248 Εἰρύβατον
1165 2191 1273 2257 Alce:

170 2308 318 2347 Suidas
362 2322 400 2347 v.
446 2303 704 2360 Εὐρύβατος
748 2333 803 2339 -
856 2301 1195 2360 Ἀριστοιμὲνης
1234 2305 1280 2344 ἐν
1325 2298 1530 2358 Δαιδάλῳ

57 2370 334 2427 ὑποθέμενος
377 2373 473 2415 τὸν
514 2373 616 2416 Δία
658 2370 737 2423 εἰς
779 2373 948 2415 πολλὰ
1006 2374 1206 2415 ἑαυτὸν
1246 2368 1529 2426 μεταβάλ-

46 2442 233 2484 ’λοντα
272 2445 366 2485 καὶ
396 2444 743 2486 πλουτοῦντα
782 2443 876 2484 καὶ
913 2443 1361 2499 πανουργοῦντα.
1421 2443 1529 2484 Satis

57 2515 208 2556 festive
247 2516 373 2568 igitur
415 2518 595 2556 comicus
626 2523 749 2568 poeta
791 2517 929 2555 Iovem
969 2517 1079 2556 omni
1116 2516 1253 2555 divino
1293 2514 1453 2554 honore
1481 2525 1530 2553 ac

44 2585 258 2639 'dignitate
302 2591 468 2626 exutum
512 2587 672 2627 induxit
715 2593 906 2639 tanquam
953 2586 1161 2625 hominem
1201 2582 1530 2625 fraudulentissi-

43 2667 184 2705 ·mum,
216 2655 330 2708 quasi
360 2657 617 2709 Eurybatum
646 2658 849 2709 quendam
881 2656 946 2694 vel
979 2655 1300 2709 Phrynondam:
1337 2653 1530 2693 eandem-

62 2735 142 2775 que
170 2726 371 2767 rationem
402 2726 493 2767 sine
525 2726 648 2766 dubio
681 2726 803 2767 etiam
835 2725 953 2765 Plato
984 2732 1151 2766 secutus
1182 2730 1259 2774 est,
1283 2724 1359 2777 ,qui
1387 2723 1428 2763 in
1458 2722 1528 2761 illa
