<?xml version="1.0" encoding="UTF-8"?>
<!DOCTYPE html PUBLIC "-//W3C//DTD XHTML 1.0 Transitional//EN"
    "http://www.w3.org/TR/xhtml1/DTD/xhtml1-transitional.dtd">
<html xmlns="http://www.w3.org/1999/xhtml" xml:lang="en" lang="en">
 <head>
  <title>
</title>
<meta http-equiv="Content-Type" content="text/html;charset=utf-8" />
  <meta name='ocr-system' content='tesseract 3.04.00' />
  <meta name='ocr-capabilities' content='ocr_page ocr_carea ocr_par ocr_line ocrx_word'/>
</head>
<body>
  <div class='ocr_page' id='page_1' title='image "./fragmentacomicor02meinuoft_0328.png"; bbox 0 0 1716 3164; ppageno 0'>
   <div class='ocr_carea' id='block_1_1' title="bbox 217 154 1166 200">
    <p class='ocr_par' dir='ltr' id='par_1_1' title="bbox 217 154 1166 200">
     <span class='ocr_line' id='line_1_1' title="bbox 217 154 1166 200; baseline 0.004 -3"><span class='ocrx_word' id='word_1_1' title='bbox 217 156 305 198; x_wconf 68' lang='lat'><strong>926</strong></span> <span class='ocrx_word' id='word_1_2' title='bbox 727 154 1166 200; x_wconf 73' lang='lat' dir='ltr'><strong>ARISTOPHANES.</strong></span> 
     </span>
    </p>
   </div>
   <div class='ocr_carea' id='block_1_2' title="bbox 193 266 1705 2125">
    <p class='ocr_par' dir='ltr' id='par_1_2' title="bbox 210 266 1654 809">
     <span class='ocr_line' id='line_1_2' title="bbox 215 266 1652 319; baseline 0.008 -12"><span class='ocrx_word' id='word_1_3' title='bbox 215 267 336 307; x_wconf 80' lang='lat' dir='ltr'><strong>ritate</strong></span> <span class='ocrx_word' id='word_1_4' title='bbox 364 266 581 305; x_wconf 87' lang='lat' dir='ltr'><strong>firmatum.</strong></span> <span class='ocrx_word' id='word_1_5' title='bbox 651 266 795 317; x_wconf 89' lang='lat' dir='ltr'><strong>Neque</strong></span> <span class='ocrx_word' id='word_1_6' title='bbox 822 266 916 307; x_wconf 82' lang='lat' dir='ltr'><strong>illos</strong></span> <span class='ocrx_word' id='word_1_7' title='bbox 945 270 1134 319; x_wconf 90' lang='lat' dir='ltr'><strong>tanquam</strong></span> <span class='ocrx_word' id='word_1_8' title='bbox 1161 269 1379 316; x_wconf 74' lang='lat' dir='ltr'><strong>histriones</strong></span> <span class='ocrx_word' id='word_1_9' title='bbox 1407 285 1652 317; x_wconf 89' lang='lat' dir='ltr'><strong>commemo-</strong></span> 
     </span>
     <span class='ocr_line' id='line_1_3' title="bbox 215 334 1654 389; baseline 0.007 -13"><span class='ocrx_word' id='word_1_10' title='bbox 215 336 317 383; x_wconf 83' lang='lat' dir='ltr'><strong>rari,</strong></span> <span class='ocrx_word' id='word_1_11' title='bbox 355 334 429 374; x_wconf 87' lang='lat' dir='ltr'><strong>sed</strong></span> <span class='ocrx_word' id='word_1_12' title='bbox 457 338 646 386; x_wconf 82' lang='lat' dir='ltr'><strong>tanquam</strong></span> <span class='ocrx_word' id='word_1_13' title='bbox 675 338 818 387; x_wconf 86' lang='lat' dir='ltr'><strong>poetas</strong></span> <span class='ocrx_word' id='word_1_14' title='bbox 847 336 1023 377; x_wconf 84' lang='lat' dir='ltr'><strong>ostendit</strong></span> <span class='ocrx_word' id='word_1_15' title='bbox 1056 337 1146 389; x_wconf 87' lang='lat' dir='ltr'><strong>ipsa</strong></span> <span class='ocrx_word' id='word_1_16' title='bbox 1173 341 1362 382; x_wconf 87' lang='lat' dir='ltr'><strong>orationis</strong></span> <span class='ocrx_word' id='word_1_17' title='bbox 1391 343 1433 385; x_wconf 86' lang='lat' dir='ltr'><strong>in</strong></span> <span class='ocrx_word' id='word_1_18' title='bbox 1472 345 1654 386; x_wconf 82' lang='lat' dir='ltr'><strong>didasca-</strong></span> 
     </span>
     <span class='ocr_line' id='line_1_4' title="bbox 214 404 1654 466; baseline 0.005 -21"><span class='ocrx_word' id='word_1_19' title='bbox 214 406 359 445; x_wconf 89' lang='lat' dir='ltr'><strong>liarum</strong></span> <span class='ocrx_word' id='word_1_20' title='bbox 384 405 655 445; x_wconf 82' lang='lat' dir='ltr'><strong>monumentis</strong></span> <span class='ocrx_word' id='word_1_21' title='bbox 678 404 958 455; x_wconf 73' lang='lat' dir='ltr'><strong>conformatio,</strong></span> <span class='ocrx_word' id='word_1_22' title='bbox 986 419 1159 458; x_wconf 84' lang='lat' dir='ltr'><strong>namque</strong></span> <span class='ocrx_word' id='word_1_23' title='bbox 1185 404 1399 461; x_wconf 72' lang='grc' dir='ltr'><em>ἐδιδάχθη</em></span> <span class='ocrx_word' id='word_1_24' title='bbox 1429 409 1478 451; x_wconf 89' lang='grc' dir='ltr'><strong>τὸ</strong></span> <span class='ocrx_word' id='word_1_25' title='bbox 1507 412 1654 466; x_wconf 69' lang='grc' dir='ltr'><em>δρᾶμα</em></span> 
     </span>
     <span class='ocr_line' id='line_1_5' title="bbox 214 469 1649 526; baseline 0.003 -14"><span class='ocrx_word' id='word_1_26' title='bbox 214 470 289 512; x_wconf 83' lang='grc' dir='ltr'><strong>διὰ</strong></span> <span class='ocrx_word' id='word_1_27' title='bbox 318 469 652 526; x_wconf 81' lang='grc' dir='ltr'><strong><em>Καλλιστράτου</em></strong></span> <span class='ocrx_word' id='word_1_28' title='bbox 690 479 759 514; x_wconf 90' lang='lat' dir='ltr'><strong>aut</strong></span> <span class='ocrx_word' id='word_1_29' title='bbox 789 471 865 513; x_wconf 83' lang='grc' dir='ltr'><strong>διὰ</strong></span> <span class='ocrx_word' id='word_1_30' title='bbox 895 471 1143 515; x_wconf 77' lang='grc' dir='ltr'><em>Φιλωνίδου</em></span> <span class='ocrx_word' id='word_1_31' title='bbox 1178 478 1219 517; x_wconf 90' lang='lat' dir='ltr'><strong>in</strong></span> <span class='ocrx_word' id='word_1_32' title='bbox 1250 477 1476 524; x_wconf 83' lang='lat' dir='ltr'><strong>didascaliis</strong></span> <span class='ocrx_word' id='word_1_33' title='bbox 1505 485 1649 526; x_wconf 78' lang='lat' dir='ltr'><strong>scribi-</strong></span> 
     </span>
     <span class='ocr_line' id='line_1_6' title="bbox 213 543 1652 604; baseline 0.006 -21"><span class='ocrx_word' id='word_1_34' title='bbox 213 547 304 592; x_wconf 89' lang='lat' dir='ltr'><strong>tur,</strong></span> <span class='ocrx_word' id='word_1_35' title='bbox 342 544 451 595; x_wconf 91' lang='lat' dir='ltr'><strong>quod</strong></span> <span class='ocrx_word' id='word_1_36' title='bbox 494 543 682 596; x_wconf 84' lang='lat' dir='ltr'><strong>profecto</strong></span> <span class='ocrx_word' id='word_1_37' title='bbox 721 557 800 584; x_wconf 90' lang='lat' dir='ltr'><strong>non</strong></span> <span class='ocrx_word' id='word_1_38' title='bbox 837 545 916 584; x_wconf 90' lang='lat' dir='ltr'><strong>dici</strong></span> <span class='ocrx_word' id='word_1_39' title='bbox 952 550 1088 597; x_wconf 87' lang='lat' dir='ltr'><strong>potest</strong></span> <span class='ocrx_word' id='word_1_40' title='bbox 1128 545 1180 585; x_wconf 92' lang='lat' dir='ltr'><strong>de</strong></span> <span class='ocrx_word' id='word_1_41' title='bbox 1209 545 1427 598; x_wconf 85' lang='lat' dir='ltr'><strong>histrione,</strong></span> <span class='ocrx_word' id='word_1_42' title='bbox 1459 552 1528 601; x_wconf 87' lang='lat' dir='ltr'><strong>qui</strong></span> <span class='ocrx_word' id='word_1_43' title='bbox 1564 553 1652 604; x_wconf 85' lang='lat' dir='ltr'><strong>ipse</strong></span> 
     </span>
     <span class='ocr_line' id='line_1_7' title="bbox 212 614 1652 670; baseline 0.006 -17"><span class='ocrx_word' id='word_1_44' title='bbox 212 614 376 665; x_wconf 83' lang='lat' dir='ltr'><strong>quidem</strong></span> <span class='ocrx_word' id='word_1_45' title='bbox 414 626 518 665; x_wconf 92' lang='lat' dir='ltr'><strong>quae</strong></span> <span class='ocrx_word' id='word_1_46' title='bbox 557 614 738 655; x_wconf 87' lang='lat' dir='ltr'><strong>dicturus</strong></span> <span class='ocrx_word' id='word_1_47' title='bbox 782 618 845 655; x_wconf 89' lang='lat' dir='ltr'><strong>est</strong></span> <span class='ocrx_word' id='word_1_48' title='bbox 880 614 1099 655; x_wconf 80' lang='lat' dir='ltr'><strong>meditatur</strong></span> <span class='ocrx_word' id='word_1_49' title='bbox 1144 619 1185 655; x_wconf 91' lang='lat' dir='ltr'><strong>et</strong></span> <span class='ocrx_word' id='word_1_50' title='bbox 1221 618 1442 658; x_wconf 78' lang='lat' dir='ltr'><strong>memoriae</strong></span> <span class='ocrx_word' id='word_1_51' title='bbox 1478 621 1652 670; x_wconf 84' lang='lat' dir='ltr'><strong>mandat,</strong></span> 
     </span>
     <span class='ocr_line' id='line_1_8' title="bbox 211 682 1653 740; baseline 0.005 -18"><span class='ocrx_word' id='word_1_52' title='bbox 211 683 285 723; x_wconf 87' lang='lat' dir='ltr'><strong>sed</strong></span> <span class='ocrx_word' id='word_1_53' title='bbox 324 695 404 722; x_wconf 91' lang='lat' dir='ltr'><strong>non</strong></span> <span class='ocrx_word' id='word_1_54' title='bbox 443 682 614 722; x_wconf 85' lang='lat' dir='ltr'><strong>chorum</strong></span> <span class='ocrx_word' id='word_1_55' title='bbox 650 683 789 732; x_wconf 87' lang='lat' dir='ltr'><strong>docet,</strong></span> <span class='ocrx_word' id='word_1_56' title='bbox 833 684 941 734; x_wconf 88' lang='lat' dir='ltr'><strong>quod</strong></span> <span class='ocrx_word' id='word_1_57' title='bbox 979 688 1125 736; x_wconf 86' lang='lat' dir='ltr'><strong>poetae</strong></span> <span class='ocrx_word' id='word_1_58' title='bbox 1163 688 1230 724; x_wconf 88' lang='lat' dir='ltr'><strong>est</strong></span> <span class='ocrx_word' id='word_1_59' title='bbox 1273 685 1476 736; x_wconf 87' lang='lat' dir='ltr'><strong>officium,</strong></span> <span class='ocrx_word' id='word_1_60' title='bbox 1517 689 1653 740; x_wconf 86' lang='lat' dir='ltr'><strong>itaque</strong></span> 
     </span>
     <span class='ocr_line' id='line_1_9' title="bbox 210 746 1652 809; baseline 0.004 -18"><span class='ocrx_word' id='word_1_61' title='bbox 210 753 331 791; x_wconf 88' lang='lat' dir='ltr'><strong>modo</strong></span> <span class='ocrx_word' id='word_1_62' title='bbox 361 746 622 797; x_wconf 87' lang='grc' dir='ltr'><em>διδάσκαλος</em></span> <span class='ocrx_word' id='word_1_63' title='bbox 651 753 736 791; x_wconf 78' lang='lat' dir='ltr'><strong>sive</strong></span> <span class='ocrx_word' id='word_1_64' title='bbox 760 747 1133 804; x_wconf 79' lang='grc' dir='ltr'><em>χοροδιδάσκαλος</em></span> <span class='ocrx_word' id='word_1_65' title='bbox 1161 754 1245 794; x_wconf 76' lang='lat' dir='ltr'><strong>sive</strong></span> <span class='ocrx_word' id='word_1_66' title='bbox 1258 753 1652 809; x_wconf 80' lang='grc' dir='ltr'><em>κωμῳδοδιδάσκα-</em></span> 
     </span>
    </p>

    <p class='ocr_par' dir='ltr' id='par_1_3' title="bbox 193 810 1705 2125">
     <span class='ocr_line' id='line_1_10' title="bbox 209 810 1705 879; baseline 0.006 -19"><span class='ocrx_word' id='word_1_67' title='bbox 209 820 304 871; x_wconf 82' lang='grc' dir='ltr'><em>λος,</em></span> <span class='ocrx_word' id='word_1_68' title='bbox 341 822 463 861; x_wconf 92' lang='lat' dir='ltr'><strong>modo</strong></span> <span class='ocrx_word' id='word_1_69' title='bbox 504 817 685 868; x_wconf 83' lang='grc' dir='ltr'><em>ποιητὴς</em></span> <span class='ocrx_word' id='word_1_70' title='bbox 720 821 806 860; x_wconf 87' lang='lat' dir='ltr'><strong>sive</strong></span> <span class='ocrx_word' id='word_1_71' title='bbox 839 818 1202 875; x_wconf 74' lang='grc' dir='ltr'><em>κωμῳδοποιητὴς</em></span> <span class='ocrx_word' id='word_1_72' title='bbox 1242 826 1469 876; x_wconf 86' lang='lat' dir='ltr'><strong>appellatur</strong></span> <span class='ocrx_word' id='word_1_73' title='bbox 1507 833 1652 879; x_wconf 84' lang='lat' dir='ltr'><strong>poeta:</strong></span> <span class='ocrx_word' id='word_1_74' title='bbox 1702 810 1705 824; x_wconf 46' lang='grc' dir='ltr'>Ι</span> 
     </span>
     <span class='ocr_line' id='line_1_11' title="bbox 208 892 1651 944; baseline 0.004 -13"><span class='ocrx_word' id='word_1_75' title='bbox 208 892 436 944; x_wconf 87' lang='lat' dir='ltr'><strong>eodemque</strong></span> <span class='ocrx_word' id='word_1_76' title='bbox 465 896 583 942; x_wconf 87' lang='lat' dir='ltr'><strong>pacto</strong></span> <span class='ocrx_word' id='word_1_77' title='bbox 612 894 773 930; x_wconf 84' lang='lat' dir='ltr'><strong>veteres</strong></span> <span class='ocrx_word' id='word_1_78' title='bbox 801 892 1075 943; x_wconf 78' lang='lat' dir='ltr'><strong>grammatici,</strong></span> <span class='ocrx_word' id='word_1_79' title='bbox 1114 904 1286 943; x_wconf 88' lang='lat' dir='ltr'><strong>quorum</strong></span> <span class='ocrx_word' id='word_1_80' title='bbox 1325 896 1555 936; x_wconf 86' lang='lat' dir='ltr'><strong>testimonia</strong></span> <span class='ocrx_word' id='word_1_81' title='bbox 1583 910 1651 937; x_wconf 85' lang='lat' dir='ltr'><strong>su·</strong></span> 
     </span>
     <span class='ocr_line' id='line_1_12' title="bbox 206 956 1649 1016; baseline 0.003 -16"><span class='ocrx_word' id='word_1_82' title='bbox 206 974 281 1014; x_wconf 87' lang='lat' dir='ltr'><strong>pra</strong></span> <span class='ocrx_word' id='word_1_83' title='bbox 315 975 356 1014; x_wconf 86' lang='lat' dir='ltr'><strong>p.</strong></span> <span class='ocrx_word' id='word_1_84' title='bbox 385 963 468 1002; x_wconf 83' lang='lat'><strong>9⁰8</strong></span> <span class='ocrx_word' id='word_1_85' title='bbox 509 967 551 1000; x_wconf 88' lang='lat' dir='ltr'><strong>et</strong></span> <span class='ocrx_word' id='word_1_86' title='bbox 589 961 671 999; x_wconf 84' lang='lat'><strong>909</strong></span> <span class='ocrx_word' id='word_1_87' title='bbox 710 960 925 1012; x_wconf 79' lang='lat' dir='ltr'><strong>adscripsi,</strong></span> <span class='ocrx_word' id='word_1_88' title='bbox 969 957 1137 1010; x_wconf 73' lang='grc' dir='ltr'><em>ἐδίδαξε</em></span> <span class='ocrx_word' id='word_1_89' title='bbox 1177 956 1563 1016; x_wconf 61' lang='grc' dir='ltr'><em>(Ἀριστοφάνης)</em></span> <span class='ocrx_word' id='word_1_90' title='bbox 1599 963 1649 1004; x_wconf 92' lang='grc' dir='ltr'><strong>τὸ</strong></span> 
     </span>
     <span class='ocr_line' id='line_1_13' title="bbox 207 1025 1648 1086; baseline 0.003 -17"><span class='ocrx_word' id='word_1_91' title='bbox 207 1028 353 1085; x_wconf 76' lang='grc' dir='ltr'><em>δρᾶμα</em></span> <span class='ocrx_word' id='word_1_92' title='bbox 389 1027 463 1069; x_wconf 76' lang='grc' dir='ltr'><strong>διὰ</strong></span> <span class='ocrx_word' id='word_1_93' title='bbox 503 1025 836 1082; x_wconf 79' lang='grc' dir='ltr'><em>Καλλιστράτου</em></span> <span class='ocrx_word' id='word_1_94' title='bbox 873 1030 1025 1070; x_wconf 89' lang='lat' dir='ltr'><strong>dicunt.</strong></span> <span class='ocrx_word' id='word_1_95' title='bbox 1093 1030 1359 1083; x_wconf 85' lang='lat' dir='ltr'><strong>Pertinetque</strong></span> <span class='ocrx_word' id='word_1_96' title='bbox 1393 1034 1476 1073; x_wconf 87' lang='lat' dir='ltr'><strong>huc</strong></span> <span class='ocrx_word' id='word_1_97' title='bbox 1513 1035 1648 1086; x_wconf 85' lang='lat' dir='ltr'><strong>ipsum</strong></span> 
     </span>
     <span class='ocr_line' id='line_1_14' title="bbox 204 1097 1647 1154; baseline 0.003 -16"><span class='ocrx_word' id='word_1_98' title='bbox 204 1098 291 1139; x_wconf 76' lang='grc' dir='ltr'><strong>τῶν</strong></span> <span class='ocrx_word' id='word_1_99' title='bbox 328 1097 620 1139; x_wconf 77' lang='grc' dir='ltr'><em>διδασκαλιῶν</em></span> <span class='ocrx_word' id='word_1_100' title='bbox 654 1112 825 1148; x_wconf 90' lang='lat' dir='ltr'><strong>nomen,</strong></span> <span class='ocrx_word' id='word_1_101' title='bbox 867 1100 977 1151; x_wconf 91' lang='lat' dir='ltr'><strong>quod</strong></span> <span class='ocrx_word' id='word_1_102' title='bbox 1018 1100 1203 1152; x_wconf 80' lang='lat' dir='ltr'><strong>profecto</strong></span> <span class='ocrx_word' id='word_1_103' title='bbox 1242 1106 1384 1152; x_wconf 88' lang='lat' dir='ltr'><strong>poetas</strong></span> <span class='ocrx_word' id='word_1_104' title='bbox 1424 1114 1647 1154; x_wconf 88' lang='lat' dir='ltr'><strong>eorumque</strong></span> 
     </span>
     <span class='ocr_line' id='line_1_15' title="bbox 204 1170 1645 1221; baseline 0.001 -10"><span class='ocrx_word' id='word_1_105' title='bbox 204 1171 398 1220; x_wconf 84' lang='lat' dir='ltr'><strong>dramata,</strong></span> <span class='ocrx_word' id='word_1_106' title='bbox 437 1183 517 1209; x_wconf 90' lang='lat' dir='ltr'><strong>non</strong></span> <span class='ocrx_word' id='word_1_107' title='bbox 556 1170 800 1208; x_wconf 85' lang='lat' dir='ltr'><strong>histrionum</strong></span> <span class='ocrx_word' id='word_1_108' title='bbox 840 1170 973 1209; x_wconf 89' lang='lat' dir='ltr'><strong>levem</strong></span> <span class='ocrx_word' id='word_1_109' title='bbox 1003 1173 1130 1209; x_wconf 87' lang='lat' dir='ltr'><strong>artem</strong></span> <span class='ocrx_word' id='word_1_110' title='bbox 1161 1173 1329 1221; x_wconf 87' lang='lat' dir='ltr'><strong>spectat.</strong></span> <span class='ocrx_word' id='word_1_111' title='bbox 1397 1170 1510 1210; x_wconf 88' lang='lat' dir='ltr'><strong>Idem</strong></span> <span class='ocrx_word' id='word_1_112' title='bbox 1548 1184 1645 1212; x_wconf 87' lang='lat' dir='ltr'><strong>con-</strong></span> 
     </span>
     <span class='ocr_line' id='line_1_16' title="bbox 202 1232 1645 1292; baseline 0 -13"><span class='ocrx_word' id='word_1_113' title='bbox 202 1241 339 1280; x_wconf 85' lang='lat' dir='ltr'><strong>firmat</strong></span> <span class='ocrx_word' id='word_1_114' title='bbox 377 1241 485 1292; x_wconf 88' lang='lat' dir='ltr'><strong>quod</strong></span> <span class='ocrx_word' id='word_1_115' title='bbox 523 1240 673 1290; x_wconf 78' lang='lat' dir='ltr'><strong>legitur</strong></span> <span class='ocrx_word' id='word_1_116' title='bbox 711 1238 751 1277; x_wconf 89' lang='lat' dir='ltr'><strong>in</strong></span> <span class='ocrx_word' id='word_1_117' title='bbox 782 1238 999 1278; x_wconf 81' lang='lat' dir='ltr'><strong>didascalia</strong></span> <span class='ocrx_word' id='word_1_118' title='bbox 1028 1239 1194 1278; x_wconf 90' lang='lat' dir='ltr'><strong>Avium:</strong></span> <span class='ocrx_word' id='word_1_119' title='bbox 1228 1232 1333 1276; x_wconf 77' lang='grc' dir='ltr'><strong>Ἐπὶ</strong></span> <span class='ocrx_word' id='word_1_120' title='bbox 1365 1235 1567 1291; x_wconf 77' lang='grc' dir='ltr'><em>Χαβρίου</em></span> <span class='ocrx_word' id='word_1_121' title='bbox 1597 1236 1645 1279; x_wconf 89' lang='grc' dir='ltr'><strong>τὸ</strong></span> 
     </span>
     <span class='ocr_line' id='line_1_17' title="bbox 203 1301 1645 1363; baseline 0 -15"><span class='ocrx_word' id='word_1_122' title='bbox 203 1307 348 1363; x_wconf 82' lang='grc' dir='ltr'><em>δρᾶμα</em></span> <span class='ocrx_word' id='word_1_123' title='bbox 378 1307 576 1356; x_wconf 65' lang='grc' dir='ltr'><em>καθῆκεν</em></span> <span class='ocrx_word' id='word_1_124' title='bbox 603 1301 661 1354; x_wconf 69' lang='grc' dir='ltr'><strong>εἰς</strong></span> <span class='ocrx_word' id='word_1_125' title='bbox 696 1302 807 1345; x_wconf 77' lang='grc' dir='ltr'><em>ἄστυ</em></span> <span class='ocrx_word' id='word_1_126' title='bbox 843 1305 916 1345; x_wconf 84' lang='grc' dir='ltr'><strong>διά</strong></span> <span class='ocrx_word' id='word_1_127' title='bbox 948 1302 1291 1361; x_wconf 79' lang='grc' dir='ltr'><em>Καλλιστράτου.</em></span> <span class='ocrx_word' id='word_1_128' title='bbox 1360 1322 1533 1360; x_wconf 88' lang='lat' dir='ltr'><strong>namque</strong></span> <span class='ocrx_word' id='word_1_129' title='bbox 1569 1322 1645 1348; x_wconf 83' lang='grc' dir='ltr'><em>κα-</em></span> 
     </span>
     <span class='ocr_line' id='line_1_18' title="bbox 200 1372 1645 1429; baseline 0 -11"><span class='ocrx_word' id='word_1_130' title='bbox 200 1378 354 1426; x_wconf 72' lang='grc' dir='ltr'><em>θιέναι</em></span> <span class='ocrx_word' id='word_1_131' title='bbox 382 1383 447 1419; x_wconf 87' lang='lat' dir='ltr'><strong>est</strong></span> <span class='ocrx_word' id='word_1_132' title='bbox 475 1381 520 1418; x_wconf 78' lang='lat' dir='ltr'><strong>in</strong></span> <span class='ocrx_word' id='word_1_133' title='bbox 550 1382 760 1418; x_wconf 81' lang='lat' dir='ltr'><strong>certamen</strong></span> <span class='ocrx_word' id='word_1_134' title='bbox 780 1379 997 1429; x_wconf 81' lang='lat' dir='ltr'><strong>proferre,</strong></span> <span class='ocrx_word' id='word_1_135' title='bbox 1034 1379 1060 1416; x_wconf 90' lang='lat' dir='ltr'><strong>i.</strong></span> <span class='ocrx_word' id='word_1_136' title='bbox 1091 1390 1128 1428; x_wconf 83' lang='lat' dir='ltr'><strong>q.</strong></span> <span class='ocrx_word' id='word_1_137' title='bbox 1171 1378 1267 1416; x_wconf 88' lang='lat' dir='ltr'><strong>alias</strong></span> <span class='ocrx_word' id='word_1_138' title='bbox 1298 1372 1518 1417; x_wconf 78' lang='grc' dir='ltr'><em>διδάσκειν</em></span> <span class='ocrx_word' id='word_1_139' title='bbox 1547 1379 1645 1418; x_wconf 87' lang='lat' dir='ltr'><strong>dici-</strong></span> 
     </span>
     <span class='ocr_line' id='line_1_19' title="bbox 199 1441 1645 1500; baseline -0.001 -12"><span class='ocrx_word' id='word_1_140' title='bbox 199 1453 280 1498; x_wconf 87' lang='lat' dir='ltr'><strong>tur,</strong></span> <span class='ocrx_word' id='word_1_141' title='bbox 310 1448 652 1500; x_wconf 87' lang='lat' dir='ltr'><strong>quemadmodum</strong></span> <span class='ocrx_word' id='word_1_142' title='bbox 681 1447 966 1498; x_wconf 83' lang='lat' dir='ltr'><strong>grammaticus</strong></span> <span class='ocrx_word' id='word_1_143' title='bbox 994 1446 1065 1485; x_wconf 90' lang='lat' dir='ltr'><strong>ille</strong></span> <span class='ocrx_word' id='word_1_144' title='bbox 1095 1446 1227 1485; x_wconf 88' lang='lat' dir='ltr'><strong>statim</strong></span> <span class='ocrx_word' id='word_1_145' title='bbox 1251 1448 1481 1500; x_wconf 83' lang='lat' dir='ltr'><strong>subiungit:</strong></span> <span class='ocrx_word' id='word_1_146' title='bbox 1510 1441 1568 1494; x_wconf 66' lang='grc' dir='ltr'><strong>εἰς</strong></span> <span class='ocrx_word' id='word_1_147' title='bbox 1598 1445 1645 1487; x_wconf 79' lang='grc' dir='ltr'><em>δὲ</em></span> 
     </span>
     <span class='ocr_line' id='line_1_20' title="bbox 198 1510 1643 1568; baseline -0.001 -10"><span class='ocrx_word' id='word_1_148' title='bbox 198 1514 376 1567; x_wconf 84' lang='grc' dir='ltr'><em>Λήναια</em></span> <span class='ocrx_word' id='word_1_149' title='bbox 412 1514 489 1556; x_wconf 88' lang='grc' dir='ltr'><strong>τὸν</strong></span> <span class='ocrx_word' id='word_1_150' title='bbox 522 1510 810 1568; x_wconf 72' lang='grc' dir='ltr'><em>Ἀμφιάραον</em></span> <span class='ocrx_word' id='word_1_151' title='bbox 843 1512 1012 1564; x_wconf 75' lang='grc' dir='ltr'><em>ἐδίδαξε</em></span> <span class='ocrx_word' id='word_1_152' title='bbox 1051 1511 1125 1553; x_wconf 79' lang='grc' dir='ltr'><strong>διὰ</strong></span> <span class='ocrx_word' id='word_1_153' title='bbox 1169 1511 1432 1557; x_wconf 82' lang='grc' dir='ltr'><em>Φιλωνίδου.</em></span> <span class='ocrx_word' id='word_1_154' title='bbox 1493 1518 1643 1557; x_wconf 86' lang='lat' dir='ltr'><strong>Simili-</strong></span> 
     </span>
     <span class='ocr_line' id='line_1_21' title="bbox 198 1575 1643 1640; baseline -0.003 -11"><span class='ocrx_word' id='word_1_155' title='bbox 198 1592 344 1640; x_wconf 86' lang='lat' dir='ltr'><strong>terque</strong></span> <span class='ocrx_word' id='word_1_156' title='bbox 372 1587 590 1627; x_wconf 85' lang='lat' dir='ltr'><strong>scholiasta</strong></span> <span class='ocrx_word' id='word_1_157' title='bbox 621 1585 778 1625; x_wconf 89' lang='lat' dir='ltr'><strong>Platon.</strong></span> <span class='ocrx_word' id='word_1_158' title='bbox 809 1598 850 1637; x_wconf 88' lang='lat' dir='ltr'><strong>p.</strong></span> <span class='ocrx_word' id='word_1_159' title='bbox 879 1586 961 1624; x_wconf 80' lang='lat'><strong>33⁰</strong></span> <span class='ocrx_word' id='word_1_160' title='bbox 993 1585 1056 1623; x_wconf 89' lang='lat' dir='ltr'><strong>ed.</strong></span> <span class='ocrx_word' id='word_1_161' title='bbox 1088 1585 1260 1624; x_wconf 85' lang='lat' dir='ltr'><strong>Bekker.</strong></span> <span class='ocrx_word' id='word_1_162' title='bbox 1299 1582 1391 1623; x_wconf 77' lang='grc' dir='ltr'><strong><em>ἐπεὶ</em></strong></span> <span class='ocrx_word' id='word_1_163' title='bbox 1429 1575 1461 1639; x_wconf 77' lang='grc' dir='ltr'><em>ᾧ</em></span> <span class='ocrx_word' id='word_1_164' title='bbox 1490 1581 1573 1624; x_wconf 73' lang='grc' dir='ltr'><em>ἔτει</em></span> <span class='ocrx_word' id='word_1_165' title='bbox 1600 1585 1643 1625; x_wconf 89' lang='grc' dir='ltr'><strong>οἱ</strong></span> 
     </span>
     <span class='ocr_line' id='line_1_22' title="bbox 197 1648 1643 1711; baseline -0.003 -14"><span class='ocrx_word' id='word_1_166' title='bbox 197 1656 421 1711; x_wconf 75' lang='grc' dir='ltr'><em>Πελαργοὶ</em></span> <span class='ocrx_word' id='word_1_167' title='bbox 457 1649 763 1703; x_wconf 80' lang='grc' dir='ltr'><em>ἐδιδάσκοντο,</em></span> <span class='ocrx_word' id='word_1_168' title='bbox 798 1653 874 1692; x_wconf 88' lang='grc' dir='ltr'><em>καὶ</em></span> <span class='ocrx_word' id='word_1_169' title='bbox 902 1649 926 1692; x_wconf 88' lang='grc' dir='ltr'><strong>ὁ</strong></span> <span class='ocrx_word' id='word_1_170' title='bbox 956 1651 1157 1700; x_wconf 80' lang='grc' dir='ltr'><em>Μέλητος</em></span> <span class='ocrx_word' id='word_1_171' title='bbox 1191 1648 1469 1692; x_wconf 80' lang='grc' dir='ltr'><em>Οἰδιπόδειαν</em></span> <span class='ocrx_word' id='word_1_172' title='bbox 1496 1653 1643 1704; x_wconf 61' lang='grc' dir='ltr'><em>καθῆσ-</em></span> 
     </span>
     <span class='ocr_line' id='line_1_23' title="bbox 198 1711 1642 1780; baseline -0.004 -11"><span class='ocrx_word' id='word_1_173' title='bbox 198 1741 282 1770; x_wconf 70' lang='lat' dir='ltr'><strong>mv.</strong></span> <span class='ocrx_word' id='word_1_174' title='bbox 361 1732 485 1780; x_wconf 83' lang='lat' dir='ltr'><strong>atque</strong></span> <span class='ocrx_word' id='word_1_175' title='bbox 531 1727 573 1766; x_wconf 88' lang='lat' dir='ltr'><strong>in</strong></span> <span class='ocrx_word' id='word_1_176' title='bbox 620 1725 770 1764; x_wconf 86' lang='lat' dir='ltr'><strong>didasc.</strong></span> <span class='ocrx_word' id='word_1_177' title='bbox 813 1724 930 1763; x_wconf 85' lang='lat' dir='ltr'><strong>Pacis</strong></span> <span class='ocrx_word' id='word_1_178' title='bbox 966 1718 1131 1770; x_wconf 79' lang='grc' dir='ltr'><em>ἄδηλον</em></span> <span class='ocrx_word' id='word_1_179' title='bbox 1170 1711 1249 1761; x_wconf 76' lang='grc' dir='ltr'><em>οὖν</em></span> <span class='ocrx_word' id='word_1_180' title='bbox 1287 1734 1424 1776; x_wconf 80' lang='grc' dir='ltr'><em>φησιν</em></span> <span class='ocrx_word' id='word_1_181' title='bbox 1457 1718 1642 1776; x_wconf 70' lang='lat' dir='ltr'><strong>&#39;Epam-</strong></span> 
     </span>
     <span class='ocr_line' id='line_1_24' title="bbox 198 1786 1641 1848; baseline -0.005 -9"><span class='ocrx_word' id='word_1_182' title='bbox 198 1797 364 1847; x_wconf 73' lang='grc' dir='ltr'><em>σθὲνης</em></span> <span class='ocrx_word' id='word_1_183' title='bbox 401 1793 583 1848; x_wconf 74' lang='grc' dir='ltr'><em>πότερον</em></span> <span class='ocrx_word' id='word_1_184' title='bbox 619 1792 698 1842; x_wconf 79' lang='grc' dir='ltr'><strong>τὴν</strong></span> <span class='ocrx_word' id='word_1_185' title='bbox 735 1787 873 1841; x_wconf 77' lang='grc' dir='ltr'><em>αὐτὴν</em></span> <span class='ocrx_word' id='word_1_186' title='bbox 917 1788 1250 1842; x_wconf 80' lang='grc' dir='ltr'><em>ἀνεδίδαξεν</em></span> <span class='ocrx_word' id='word_1_187' title='bbox 1292 1786 1322 1841; x_wconf 81' lang='grc' dir='ltr'><em>ἢ</em></span> <span class='ocrx_word' id='word_1_188' title='bbox 1359 1788 1506 1846; x_wconf 77' lang='grc' dir='ltr'><em>ἑτέραν</em></span> <span class='ocrx_word' id='word_1_189' title='bbox 1542 1807 1641 1832; x_wconf 85' lang='grc' dir='ltr'><em>κα-</em></span> 
     </span>
     <span class='ocr_line' id='line_1_25' title="bbox 197 1857 1641 1920; baseline -0.004 -13"><span class='ocrx_word' id='word_1_190' title='bbox 197 1865 392 1920; x_wconf 66' lang='grc' dir='ltr'><em>θῆκζεν,</em></span> <span class='ocrx_word' id='word_1_191' title='bbox 429 1866 534 1906; x_wconf 90' lang='lat' dir='ltr'><strong>adde</strong></span> <span class='ocrx_word' id='word_1_192' title='bbox 563 1876 720 1916; x_wconf 81' lang='lat' dir='ltr'><strong>argum.</strong></span> <span class='ocrx_word' id='word_1_193' title='bbox 750 1863 806 1904; x_wconf 93' lang='lat' dir='ltr'><strong>IV</strong></span> <span class='ocrx_word' id='word_1_194' title='bbox 836 1863 1035 1903; x_wconf 85' lang='lat' dir='ltr'><strong>Nubium:</strong></span> <span class='ocrx_word' id='word_1_195' title='bbox 1072 1857 1152 1910; x_wconf 75' lang='grc' dir='ltr'><strong>τὴν</strong></span> <span class='ocrx_word' id='word_1_196' title='bbox 1187 1862 1267 1913; x_wconf 78' lang='grc' dir='ltr'><em>μὲν</em></span> <span class='ocrx_word' id='word_1_197' title='bbox 1305 1859 1536 1917; x_wconf 72' lang='grc' dir='ltr'><em>κωμῳδίαν</em></span> <span class='ocrx_word' id='word_1_198' title='bbox 1563 1876 1641 1902; x_wconf 83' lang='grc' dir='ltr'><em>κα-</em></span> 
     </span>
     <span class='ocr_line' id='line_1_26' title="bbox 195 1929 1640 1986; baseline -0.005 -9"><span class='ocrx_word' id='word_1_199' title='bbox 195 1936 311 1986; x_wconf 71' lang='grc' dir='ltr'><em>θῆκε</em></span> <span class='ocrx_word' id='word_1_200' title='bbox 339 1932 451 1975; x_wconf 84' lang='grc' dir='ltr'><em>κατὰ</em></span> <span class='ocrx_word' id='word_1_201' title='bbox 464 1929 732 1986; x_wconf 87' lang='grc' dir='ltr'><em>Σωκράτους,</em></span> <span class='ocrx_word' id='word_1_202' title='bbox 762 1933 870 1984; x_wconf 90' lang='lat' dir='ltr'><strong>quod</strong></span> <span class='ocrx_word' id='word_1_203' title='bbox 885 1931 1072 1984; x_wconf 84' lang='lat' dir='ltr'><strong>profecto</strong></span> <span class='ocrx_word' id='word_1_204' title='bbox 1103 1932 1215 1971; x_wconf 89' lang='lat' dir='ltr'><strong>nullo</strong></span> <span class='ocrx_word' id='word_1_205' title='bbox 1244 1935 1362 1983; x_wconf 85' lang='lat' dir='ltr'><strong>pacto</strong></span> <span class='ocrx_word' id='word_1_206' title='bbox 1392 1932 1444 1975; x_wconf 87' lang='lat' dir='ltr'><strong>ad</strong></span> <span class='ocrx_word' id='word_1_207' title='bbox 1472 1932 1640 1971; x_wconf 87' lang='lat' dir='ltr'><strong>histrio-</strong></span> 
     </span>
     <span class='ocr_line' id='line_1_27' title="bbox 193 2001 1638 2055; baseline -0.005 -8"><span class='ocrx_word' id='word_1_208' title='bbox 193 2020 289 2049; x_wconf 87' lang='lat' dir='ltr'><strong>nem</strong></span> <span class='ocrx_word' id='word_1_209' title='bbox 317 2005 465 2045; x_wconf 83' lang='lat' dir='ltr'><strong>referri</strong></span> <span class='ocrx_word' id='word_1_210' title='bbox 493 2008 641 2055; x_wconf 88' lang='lat' dir='ltr'><strong>potest.</strong></span> <span class='ocrx_word' id='word_1_211' title='bbox 709 2002 893 2053; x_wconf 90' lang='lat' dir='ltr'><strong>Denique</strong></span> <span class='ocrx_word' id='word_1_212' title='bbox 929 2002 971 2040; x_wconf 90' lang='lat' dir='ltr'><strong>in</strong></span> <span class='ocrx_word' id='word_1_213' title='bbox 1012 2002 1161 2041; x_wconf 87' lang='lat' dir='ltr'><strong>didasc.</strong></span> <span class='ocrx_word' id='word_1_214' title='bbox 1193 2001 1440 2052; x_wconf 84' lang='lat' dir='ltr'><strong>Lysistratae</strong></span> <span class='ocrx_word' id='word_1_215' title='bbox 1469 2001 1638 2053; x_wconf 83' lang='lat' dir='ltr'><strong>legitur:</strong></span> 
     </span>
     <span class='ocr_line' id='line_1_28' title="bbox 193 2066 1638 2125; baseline -0.004 -9"><span class='ocrx_word' id='word_1_216' title='bbox 193 2071 389 2125; x_wconf 77' lang='grc' dir='ltr'><em>εἰσῆκται</em></span> <span class='ocrx_word' id='word_1_217' title='bbox 417 2072 463 2112; x_wconf 82' lang='grc' dir='ltr'><em>δὲ</em></span> <span class='ocrx_word' id='word_1_218' title='bbox 490 2069 565 2110; x_wconf 86' lang='grc' dir='ltr'><strong>διά</strong></span> <span class='ocrx_word' id='word_1_219' title='bbox 594 2066 939 2122; x_wconf 85' lang='grc' dir='ltr'><em>Καλλιστράτου.</em></span> <span class='ocrx_word' id='word_1_220' title='bbox 1010 2071 1195 2121; x_wconf 89' lang='lat' dir='ltr'><strong>Namque</strong></span> <span class='ocrx_word' id='word_1_221' title='bbox 1232 2071 1310 2110; x_wconf 90' lang='lat' dir='ltr'><strong>hoc</strong></span> <span class='ocrx_word' id='word_1_222' title='bbox 1349 2081 1512 2122; x_wconf 84' lang='lat' dir='ltr'><strong>quoque</strong></span> <span class='ocrx_word' id='word_1_223' title='bbox 1546 2084 1638 2111; x_wconf 87' lang='lat' dir='ltr'><strong>ver-</strong></span> 
     </span>
    </p>
   </div>
   <div class='ocr_carea' id='block_1_3' title="bbox 192 2140 1716 2196">
    <p class='ocr_par' dir='ltr' id='par_1_4' title="bbox 192 2140 1716 2196">
     <span class='ocr_line' id='line_1_29' title="bbox 192 2140 1716 2196; baseline -0.005 -8"><span class='ocrx_word' id='word_1_224' title='bbox 192 2148 289 2188; x_wconf 84' lang='lat' dir='ltr'><strong>bum</strong></span> <span class='ocrx_word' id='word_1_225' title='bbox 328 2146 379 2184; x_wconf 91' lang='lat' dir='ltr'><strong>de</strong></span> <span class='ocrx_word' id='word_1_226' title='bbox 408 2146 530 2196; x_wconf 90' lang='lat' dir='ltr'><strong>poeta</strong></span> <span class='ocrx_word' id='word_1_227' title='bbox 567 2141 647 2180; x_wconf 88' lang='lat' dir='ltr'><strong>dici</strong></span> <span class='ocrx_word' id='word_1_228' title='bbox 684 2141 810 2189; x_wconf 88' lang='lat' dir='ltr'><strong>solet,</strong></span> <span class='ocrx_word' id='word_1_229' title='bbox 848 2140 908 2180; x_wconf 90' lang='lat' dir='ltr'><strong>uti</strong></span> <span class='ocrx_word' id='word_1_230' title='bbox 937 2143 999 2179; x_wconf 88' lang='lat' dir='ltr'><strong>est</strong></span> <span class='ocrx_word' id='word_1_231' title='bbox 1027 2140 1135 2191; x_wconf 90' lang='lat' dir='ltr'><strong>apud</strong></span> <span class='ocrx_word' id='word_1_232' title='bbox 1162 2141 1295 2191; x_wconf 89' lang='lat' dir='ltr'><strong>ipsum</strong></span> <span class='ocrx_word' id='word_1_233' title='bbox 1323 2140 1637 2192; x_wconf 81' lang='lat' dir='ltr'><strong>Aristophanem</strong></span> <span class='ocrx_word' id='word_1_234' title='bbox 1715 2143 1716 2191; x_wconf 67' lang='lat'><em>3</em></span> 
     </span>
    </p>
   </div>
   <div class='ocr_carea' id='block_1_4' title="bbox 190 2211 1632 2679">
    <p class='ocr_par' dir='ltr' id='par_1_5' title="bbox 191 2211 685 2258">
     <span class='ocr_line' id='line_1_30' title="bbox 191 2211 685 2258; baseline -0.018 0"><span class='ocrx_word' id='word_1_235' title='bbox 191 2218 233 2258; x_wconf 89' lang='lat' dir='ltr'><strong>in</strong></span> <span class='ocrx_word' id='word_1_236' title='bbox 262 2215 512 2258; x_wconf 80' lang='lat' dir='ltr'><strong>Acharneus.</strong></span> <span class='ocrx_word' id='word_1_237' title='bbox 544 2224 582 2251; x_wconf 81' lang='grc' dir='ltr'><em>ν.</em></span> <span class='ocrx_word' id='word_1_238' title='bbox 613 2211 685 2250; x_wconf 78' lang='lat'><strong>10:</strong></span> 
     </span>
    </p>

    <p class='ocr_par' dir='ltr' id='par_1_6' title="bbox 375 2271 1396 2332">
     <span class='ocr_line' id='line_1_31' title="bbox 375 2271 1396 2332; baseline -0.007 -11"><span class='ocrx_word' id='word_1_239' title='bbox 375 2275 484 2322; x_wconf 61' lang='lat' dir='ltr'><strong>“Ore</strong></span> <span class='ocrx_word' id='word_1_240' title='bbox 514 2277 567 2329; x_wconf 82' lang='grc' dir='ltr'><em>δὴ</em></span> <span class='ocrx_word' id='word_1_241' title='bbox 596 2276 750 2332; x_wconf 76' lang='grc' dir='ltr'><em>κεχήνη</em></span> <span class='ocrx_word' id='word_1_242' title='bbox 779 2272 1031 2332; x_wconf 76' lang='grc' dir='ltr'><em>προσδοκῶν</em></span> <span class='ocrx_word' id='word_1_243' title='bbox 1059 2271 1136 2315; x_wconf 85' lang='grc' dir='ltr'><strong>τὸν</strong></span> <span class='ocrx_word' id='word_1_244' title='bbox 1164 2271 1396 2328; x_wconf 72' lang='grc' dir='ltr'><em>Αἰσχύλον,</em></span> 
     </span>
    </p>

    <p class='ocr_par' dir='ltr' id='par_1_7' title="bbox 190 2334 1632 2679">
     <span class='ocr_line' id='line_1_32' title="bbox 385 2334 1413 2398; baseline -0.006 -7"><span class='ocrx_word' id='word_1_245' title='bbox 385 2347 409 2391; x_wconf 89' lang='grc' dir='ltr'><strong><em>ὁ</em></strong></span> <span class='ocrx_word' id='word_1_246' title='bbox 440 2348 467 2390; x_wconf 92' lang='grc' dir='ltr'><em>δ</em></span> <span class='ocrx_word' id='word_1_247' title='bbox 476 2346 487 2360; x_wconf 82' lang='grc'><strong>’</strong></span> <span class='ocrx_word' id='word_1_248' title='bbox 515 2345 687 2388; x_wconf 70' lang='grc' dir='ltr'><em>ἀνεῖπεν</em></span> <span class='ocrx_word' id='word_1_249' title='bbox 715 2342 876 2398; x_wconf 68' lang='grc' dir='ltr'><em>εἴσαγ’,</em></span> <span class='ocrx_word' id='word_1_250' title='bbox 903 2334 936 2384; x_wconf 72' lang='grc' dir='ltr'><em>ὦ</em></span> <span class='ocrx_word' id='word_1_251' title='bbox 973 2343 1138 2395; x_wconf 85' lang='grc' dir='ltr'><em>Θέογνι,</em></span> <span class='ocrx_word' id='word_1_252' title='bbox 1167 2342 1244 2384; x_wconf 89' lang='grc' dir='ltr'><strong>τὸν</strong></span> <span class='ocrx_word' id='word_1_253' title='bbox 1269 2340 1413 2398; x_wconf 85' lang='grc' dir='ltr'><em>χορόν.</em></span> 
     </span>
     <span class='ocr_line' id='line_1_33' title="bbox 193 2415 1632 2467; baseline -0.006 -5"><span class='ocrx_word' id='word_1_254' title='bbox 193 2424 372 2463; x_wconf 71' lang='lat' dir='ltr'><strong>illustrat</strong></span> <span class='ocrx_word' id='word_1_255' title='bbox 400 2421 506 2460; x_wconf 82' lang='lat' dir='ltr'><strong>hanc</strong></span> <span class='ocrx_word' id='word_1_256' title='bbox 532 2432 620 2459; x_wconf 87' lang='lat' dir='ltr'><strong>rem</strong></span> <span class='ocrx_word' id='word_1_257' title='bbox 650 2419 772 2458; x_wconf 81' lang='lat' dir='ltr'><strong>etiam</strong></span> <span class='ocrx_word' id='word_1_258' title='bbox 799 2415 923 2463; x_wconf 86' lang='lat' dir='ltr'><strong>illud,</strong></span> <span class='ocrx_word' id='word_1_259' title='bbox 953 2415 1062 2467; x_wconf 86' lang='lat' dir='ltr'><strong>quod</strong></span> <span class='ocrx_word' id='word_1_260' title='bbox 1092 2416 1143 2454; x_wconf 90' lang='lat' dir='ltr'><strong>de</strong></span> <span class='ocrx_word' id='word_1_261' title='bbox 1172 2416 1367 2463; x_wconf 86' lang='lat' dir='ltr'><strong>Ararote‚</strong></span> <span class='ocrx_word' id='word_1_262' title='bbox 1396 2415 1632 2467; x_wconf 87' lang='lat' dir='ltr'><strong>Aristopha-</strong></span> 
     </span>
     <span class='ocr_line' id='line_1_34' title="bbox 190 2476 1630 2539; baseline -0.006 -9"><span class='ocrx_word' id='word_1_263' title='bbox 190 2492 252 2531; x_wconf 87' lang='lat' dir='ltr'><strong>nis</strong></span> <span class='ocrx_word' id='word_1_264' title='bbox 283 2492 368 2530; x_wconf 81' lang='lat' dir='ltr'><strong>filio</strong></span> <span class='ocrx_word' id='word_1_265' title='bbox 394 2490 587 2538; x_wconf 86' lang='lat' dir='ltr'><strong>refertur,</strong></span> <span class='ocrx_word' id='word_1_266' title='bbox 616 2488 685 2539; x_wconf 90' lang='lat' dir='ltr'><strong>qui</strong></span> <span class='ocrx_word' id='word_1_267' title='bbox 713 2491 755 2526; x_wconf 91' lang='lat' dir='ltr'><strong>et</strong></span> <span class='ocrx_word' id='word_1_268' title='bbox 782 2476 871 2538; x_wconf 81' lang='lat' dir='ltr'><strong>ipse</strong></span> <span class='ocrx_word' id='word_1_269' title='bbox 901 2486 1027 2536; x_wconf 85' lang='lat' dir='ltr'><strong>patris</strong></span> <span class='ocrx_word' id='word_1_270' title='bbox 1056 2484 1286 2524; x_wconf 82' lang='lat' dir='ltr'><strong>comoedias</strong></span> <span class='ocrx_word' id='word_1_271' title='bbox 1317 2485 1466 2530; x_wconf 88' lang='lat' dir='ltr'><strong>docuit,</strong></span> <span class='ocrx_word' id='word_1_272' title='bbox 1495 2495 1630 2533; x_wconf 86' lang='lat' dir='ltr'><strong>neque</strong></span> 
     </span>
     <span class='ocr_line' id='line_1_35' title="bbox 190 2551 1631 2609; baseline -0.006 -11"><span class='ocrx_word' id='word_1_273' title='bbox 190 2564 324 2599; x_wconf 88' lang='lat' dir='ltr'><strong>tamen</strong></span> <span class='ocrx_word' id='word_1_274' title='bbox 355 2560 500 2600; x_wconf 88' lang='lat' dir='ltr'><strong>histrio</strong></span> <span class='ocrx_word' id='word_1_275' title='bbox 528 2558 656 2609; x_wconf 85' lang='lat' dir='ltr'><strong>magis</strong></span> <span class='ocrx_word' id='word_1_276' title='bbox 685 2568 805 2608; x_wconf 87' lang='lat' dir='ltr'><strong>quam</strong></span> <span class='ocrx_word' id='word_1_277' title='bbox 835 2559 956 2606; x_wconf 88' lang='lat' dir='ltr'><strong>poeta</strong></span> <span class='ocrx_word' id='word_1_278' title='bbox 983 2559 1046 2594; x_wconf 88' lang='lat' dir='ltr'><strong>est</strong></span> <span class='ocrx_word' id='word_1_279' title='bbox 1073 2554 1249 2602; x_wconf 84' lang='lat' dir='ltr'><strong>habitus,</strong></span> <span class='ocrx_word' id='word_1_280' title='bbox 1279 2566 1370 2597; x_wconf 87' lang='lat' dir='ltr'><strong>nam</strong></span> <span class='ocrx_word' id='word_1_281' title='bbox 1394 2552 1451 2590; x_wconf 83' lang='lat' dir='ltr'><strong>de</strong></span> <span class='ocrx_word' id='word_1_282' title='bbox 1479 2551 1556 2589; x_wconf 87' lang='lat' dir='ltr'><strong>hac</strong></span> <span class='ocrx_word' id='word_1_283' title='bbox 1584 2563 1631 2590; x_wconf 86' lang='lat' dir='ltr'><strong>re</strong></span> 
     </span>
     <span class='ocr_line' id='line_1_36' title="bbox 190 2615 1631 2679; baseline -0.008 -12"><span class='ocrx_word' id='word_1_284' title='bbox 190 2628 332 2667; x_wconf 87' lang='lat' dir='ltr'><strong>eadem</strong></span> <span class='ocrx_word' id='word_1_285' title='bbox 362 2629 482 2679; x_wconf 83' lang='lat' dir='ltr'><strong>plane</strong></span> <span class='ocrx_word' id='word_1_286' title='bbox 510 2628 634 2668; x_wconf 86' lang='lat' dir='ltr'><strong>verba</strong></span> <span class='ocrx_word' id='word_1_287' title='bbox 662 2629 931 2677; x_wconf 85' lang='lat' dir='ltr'><strong>usurpantur,</strong></span> <span class='ocrx_word' id='word_1_288' title='bbox 961 2625 1039 2663; x_wconf 87' lang='lat' dir='ltr'><strong>vid.</strong></span> <span class='ocrx_word' id='word_1_289' title='bbox 1070 2623 1220 2662; x_wconf 88' lang='lat' dir='ltr'><strong>didasc.</strong></span> <span class='ocrx_word' id='word_1_290' title='bbox 1245 2622 1351 2661; x_wconf 85' lang='lat' dir='ltr'><strong>Plut.</strong></span> <span class='ocrx_word' id='word_1_291' title='bbox 1381 2615 1631 2657; x_wconf 78' lang='grc' dir='ltr'><em>τελευταίαν</em></span> 
     </span>
    </p>
   </div>
   <div class='ocr_carea' id='block_1_5' title="bbox 189 2683 1630 2749">
    <p class='ocr_par' dir='ltr' id='par_1_8' title="bbox 189 2683 1630 2749">
     <span class='ocr_line' id='line_1_37' title="bbox 189 2683 1630 2749; baseline -0.007 -13"><span class='ocrx_word' id='word_1_292' title='bbox 189 2694 234 2736; x_wconf 80' lang='grc' dir='ltr'><em>δὲ</em></span> <span class='ocrx_word' id='word_1_293' title='bbox 265 2694 443 2746; x_wconf 79' lang='grc' dir='ltr'><em>διδάξας</em></span> <span class='ocrx_word' id='word_1_294' title='bbox 467 2693 550 2743; x_wconf 84' lang='grc' dir='ltr'><strong>τὴν</strong></span> <span class='ocrx_word' id='word_1_295' title='bbox 576 2691 806 2749; x_wconf 79' lang='grc' dir='ltr'><em>κωμῳδίαν</em></span> <span class='ocrx_word' id='word_1_296' title='bbox 823 2688 997 2741; x_wconf 77' lang='grc' dir='ltr'><em>’ταύτην</em></span> <span class='ocrx_word' id='word_1_297' title='bbox 1024 2690 1094 2731; x_wconf 82' lang='grc' dir='ltr'><strong>ἐπὶ</strong></span> <span class='ocrx_word' id='word_1_298' title='bbox 1124 2689 1182 2745; x_wconf 75' lang='grc' dir='ltr'><strong>τῷ</strong></span> <span class='ocrx_word' id='word_1_299' title='bbox 1208 2686 1303 2744; x_wconf 79' lang='grc' dir='ltr'><em>ἰδίῳ</em></span> <span class='ocrx_word' id='word_1_300' title='bbox 1330 2683 1526 2741; x_wconf 78' lang='grc' dir='ltr'><em>ὀνόματι,</em></span> <span class='ocrx_word' id='word_1_301' title='bbox 1554 2684 1630 2727; x_wconf 88' lang='grc' dir='ltr'><strong>τὸν</strong></span> 
     </span>
    </p>
   </div>
  </div>
 </body>
</html>
