1716 3164
226 185 336 226 1022
741 183 1147 227 ARISTOPHAMS

226 295 295 347 qui
332 306 419 334 rem
456 293 631 346 aliquam
666 305 819 335 sacram
859 293 1038 344 faciunt,
1085 294 1281 347 epulones
1329 298 1443 349 quasi
1490 300 1667 353 quidam,

227 367 365 415 itaque
395 376 444 403 ex
473 363 554 403 illis
583 364 983 417 interpretationibus
1020 365 1140 404 unice
1170 365 1374 416 probanda
1404 372 1466 408 est
1493 368 1669 410 θιασῶ-

227 446 312 472 ται.
353 432 435 473 Sed
464 433 570 472 haec
597 434 684 473 sola
713 434 943 474 testimonia
971 434 1006 473 si
1035 438 1322 485 superessent,
1351 435 1392 474 in
1422 450 1566 491 magna
1595 442 1668 481 οι)-

227 503 421 543 scuritate
450 502 659 542 comoedia
688 507 933 552 versaretur,
962 508 1003 543 at
1031 503 1244 542 commode
1273 503 1350 542 alia
1379 502 1537 556 adsunt,
1566 522 1670 561 quae

228 572 552 622 istaqillustranss
583 568 800 618 δαιταλεῖς
833 572 940 612 enim
965 576 1077 620 suut,
1115 572 1184 624 qui
1212 572 1310 612 alias
1340 569 1572 625 παράσιτοι
1599 591 1670 618 an-

229 642 342 693 tiquo
381 653 495 680 more
532 641 861 693 appellabantur:
900 654 989 681 mos
1020 642 1128 681 enim
1158 641 1264 693 apud
1295 642 1566 685 Atheniense·
1593 645 1674 687 fuit

229 711 270 750 in
300 722 381 749 uuo
411 721 571 760 quoque
601 724 704 762 pago
735 711 948 750 duodecim
979 712 1132 763 eligere
1169 712 1298 760 viros,
1335 713 1498 763 generis
1527 715 1673 755 nobili-

229 783 312 818 tate
343 782 384 816 et
402 778 505 816 vitae
532 780 732 830 probitate
761 780 956 830 insignes,
986 781 1053 830 qui
1084 781 1190 819 dicta
1224 781 1289 820 die
1318 781 1459 832 quovis
1488 786 1534 821 ut
1560 784 1673 824 vide-

230 853 298 888 tur
327 860 469 886 meuse
498 847 537 886 in
570 848 761 887 Herculis
798 848 893 887 fano
926 850 1204 900 epularentur,
1232 849 1284 888 de
1313 851 1458 900 quibus
1487 852 1679 903 thiasotis

231 917 415 969 locuples
457 923 599 956 auctor
637 922 699 957 est
731 917 932 957 Diodorus
963 918 1120 957 mediae
1159 919 1393 958 comoediae
1423 925 1539 971 poeta
1567 923 1675 974 apud

231 988 487 1028 Athenaeum
505 987 560 1027 Vl
587 1000 625 1038 p.
642 987 724 1026 239
739 986 785 1034 D,
816 986 884 1025 uhi
913 987 1150 1037 parasiticae
1179 988 1275 1027 artis
1307 988 1448 1027 laudes
1478 990 1674 1031 illustratss

388 1048 494 1093 (Ότι
525 1049 575 1092 ὸ’
608 1044 663 1102 ἦν
691 1051 741 1093 τὸ
770 1051 934 1108 πρᾶγμ’
963 1051 1138 1103 ἔνδοξον
1165 1050 1234 1094 ἀεὶ
1261 1055 1335 1095 καὶ
1363 1053 1497 1095 καλὸν

395 1122 564 1163 ἐκεῖθεν
592 1118 647 1161 ἂν
676 1119 798 1174 γνοίη
828 1136 891 1169 τις
914 1119 977 1161 ἔτι
1007 1122 1288 1177 σαφέστερον.

398 1190 475 1231 τὸν
499 1188 726 1245 Ἠρακλέα
756 1189 924 1243 τιμῶσα
954 1190 1158 1245 λαμπρῶς
1182 1189 1209 1240 ἡ
1240 1187 1364 1238 πόλις

397 1261 440 1299 ἐν
471 1255 610 1299 ἅπασι
641 1260 729 1307 τοῖς
759 1257 912 1311 δήμοις
944 1257 1108 1307 θυσίας
1138 1259 1386 1313 ποιουμένη,

398 1324 456 1377 εἰς
487 1330 561 1377 τας
591 1327 757 1377 θυσίας
786 1325 946 1376 ταύτας
975 1327 1243 1383 παρασίτους
1271 1329 1328 1384 τῷ
1359 1328 1450 1386 θεῷ

401 1395 626 1438 οὐπώποτ’
656 1395 958 1452 (ἐπεκλήρωσεν
987 1396 1087 1438 οὐδὲ
1118 1397 1363 1453 παρέλαθεν

399 1462 460 1515 εἰς
487 1466 626 1506 ταῦτα
655 1464 755 1514 τοὺς
785 1463 1004 1519 τυχόντας,
1036 1463 1145 1506 ἀλλὰ
1175 1466 1395 1519 κατέλεγεν

402 1536 446 1576 ἐκ
475 1535 560 1575 τῶν
589 1535 776 1576 πολιτῶν
805 1532 955 1575 δώδεκ’
987 1533 1149 1590 ἄνδρας
1178 1535 1384 1589 ἐπιμελῶς

401 1604 655 1657 ἐκλεξαμένη
685 1602 783 1652 τοὺς
812 1604 856 1645 ἐκ
884 1604 1111 1644 δυναστῶν
1139 1603 1382 1658 γεγονότας,

400 1672 577 1727 ἔχοντας
606 1671 771 1722 οὐσίας,
799 1673 936 1721 καλῶς
967 1671 1242 1726 βεβιωκότας.

401 1735 497 1783 εἶθ’
532 1737 711 1797 ὕστερον
741 1741 817 1783 τὸν
842 1740 1069 1795 Ἠρακλέα
1098 1740 1356 1797 μιμούμενοι

403 1813 490 1852 τῶν
518 1810 711 1866 εὐπόρων
740 1813 861 1861 τινες,
891 1810 1159 1867 παρασίτους
1188 1810 1380 1867 ἑλόμενοι

402 1882 585 1936 τρέφειν,
616 1878 885 1934 παρεκάλουν
914 1881 1010 1936 ουχὶ
1041 1881 1141 1930 τούς
1166 1879 1474 1936 χαριεστάτους
1502 1877 1591 1919 κτλ.

236 1954 326 1993 Rex
356 1958 502 2009 autem·
521 1953 708 2000 curabat,
748 1957 794 1991 ut
821 1953 987 2004 parasiti
1016 1954 1075 1992 illi
1106 1966 1154 1992 ex
1185 1954 1370 1993 omnibus
1399 1950 1512 2002 pagis
1541 1960 1685 1989 secun-

236 2023 332 2062 dum
374 2023 487 2074 leges
526 2022 806 2073 eligerentur,
843 2021 925 2061 vid.
963 2022 1092 2072 ipsam
1128 2022 1263 2073 legem
1300 2020 1406 2072 apud
1443 2019 1593 2059 Athen.
1629 2017 1686 2059 Vt

236 2104 277 2144 p.
307 2091 389 2130 235
420 2093 476 2131 C:
514 2085 849 2141 Ἐπιμελεῖσθαι
887 2088 932 2127 δὲ
975 2086 1051 2127 τὸν
1089 2085 1376 2140 βασιλεύοντα
1421 2085 1506 2126 τῶν
1535 2099 1577 2125 τε
1607 2081 1688 2139 ἀρ-

233 2156 426 2213 χόντων,
467 2151 584 2205 ὅπως
619 2153 674 2196 ἄν
716 2155 1040 2207 καθιστῶνται,
1091 2157 1165 2197 καὶ
1202 2153 1301 2204 τοὺς
1338 2152 1606 2211 παρασίτους
1643 2153 1688 2193 ἐκ

237 2227 325 2268 τῶν
369 2225 519 2281 δήμων
551 2224 763 2279 αἱρῶνται
792 2223 904 2266 κατὰ
932 2222 985 2264 τὰ
1008 2226 1304 2279 γεγραμμένα·
1344 2223 1441 2271 τοὺς
1472 2223 1516 2263 δὲ
1546 2237 1691 2276 παρα-

238 2295 385 2345 σίτους
421 2296 465 2336 ἐκ
505 2294 582 2344 τῆς
622 2293 853 2347 βουκολίας
895 2293 1076 2346 ἐκλέγειν
1113 2293 1156 2333 ἐκ
1198 2293 1275 2334 τοῦ
1302 2293 1456 2347 μέρους
1486 2292 1562 2332 τοῦ
1591 2289 1689 2332 ἑαυ-

239 2366 325 2407 τῶν
356 2365 538 2406 ἕκαστον
566 2362 687 2404 ἑκτέα
714 2363 884 2417 κριθῶν
928 2361 1176 2403 δαίνυσθαι
1206 2362 1250 2402 δὲ
1280 2361 1380 2409 τους
1408 2358 1537 2409 ὄντας
1553 2357 1691 2410 Ἀθη-

240 2433 388 2482 ναίους
424 2433 470 2473 ἐν
498 2433 556 2489 τῷ
586 2432 681 2489 ἱερῷ
708 2430 818 2472 κατὰ
856 2432 908 2471 τά
950 2428 1117 2485 πάτρια
1153 2430 1241 2473 κτλ.
1314 2434 1453 2483 ltaque
1489 2431 1691 2484 germanis

242 2510 396 2544 tantum
437 2505 582 2546 Atticis
627 2504 741 2543 licuit
780 2504 822 2542 in
865 2502 973 2541 istud
1020 2503 1133 2553 quasi
1170 2503 1434 2541 thiasotarum
1475 2498 1691 2550 collegium

243 2573 438 2624 cooptari.
519 2574 647 2626 Regis
683 2572 864 2612 officium
904 2571 945 2610 iu
987 2571 1064 2610 hac
1104 2584 1150 2611 re
1187 2571 1315 2611 fuisse
1358 2568 1535 2609 ostendit
1569 2568 1708 2606 etiam'

242 2641 502 2681 Themisonis
535 2641 717 2693 quamvis
747 2642 943 2680 obscurus
982 2641 1078 2679 satis
1114 2640 1230 2680 locus
1264 2638 1412 2679 ibidem
1451 2650 1490 2689 p.
1521 2636 1602 2676 235
1633 2637 1693 2676 Ax

240 2702 576 2759 Ἐπιμελεῖσθαι
630 2708 674 2748 δὲ
720 2707 798 2748 τὸν
839 2705 1025 2760 βασιλέα
1063 2703 1139 2746 τὸν
1179 2703 1246 2746 ἀεὶ
1291 2700 1578 2758 βασιλεύοντα
1620 2701 1693 2743 καὶ
