1716 3164
199 185 282 227 97⁶
728 182 1137 228 Ams'rofflANJs

199 307 278 336 νον
313 290 418 348 πρὸς
452 290 503 333 τὸ
536 287 762 348 μάχεσθαι
801 291 1081 345 ἐπιτηδείους.
1136 290 1460 353 Ἀριστοφάνης
1487 296 1639 352 Βαβυ-

200 360 392 411 λωνίοις·
423 352 487 402 Εὗ
516 358 562 415 γ’
589 359 927 418 ἐξεκολύμβησεν
953 359 1162 416 ἐπιβάτης
1188 364 1277 407 κτλ.
1335 370 1512 409 correxit
1537 370 1640 411 Por..

200 447 325 475 sonus
364 432 499 474 Praef.
538 433 591 475 ad
625 436 787 475 necub.
825 449 864 487 p.
905 435 975 475 LI.
1055 434 1137 474 nio
1177 447 1319 476 versus
1365 439 1541 490 pertinet
1589 440 1641 480 nd

201 503 376 545 eundem
404 503 552 554 locum,
582 517 632 547 ex
660 516 742 557 quo
772 504 1002 557 praegressi
1031 504 1147 556 petiti
1175 508 1284 546 suut.

874 615 969 655 XII.

312 698 569 751 Hesychiust
601 691 684 744 Ἐς
711 692 801 736 τὸν
839 694 1064 750 λιμένα·
1101 691 1160 744 εἰς
1188 693 1265 736 τὸν
1293 693 1459 749 λιμένα.
1514 692 1644 752 ’.Αρι-

201 762 423 821 στοφάνης
451 766 497 806 ἐν
524 762 853 818 Βαβυλωνίοις·
883 762 1000 819 παρὰ
1028 762 1108 814 τὴν
1137 763 1400 820 παροιμίαν·
1442 761 1645 815 Ἀττικὸς

201 831 260 885 εἰς
298 835 466 888 λιμένα.
535 834 578 875 οἱ
616 832 698 890 γὰρ
731 830 979 883 Ἀθηναῖοι
1021 830 1236 882 συντόνως
1279 831 1469 884 ἤλαυνον
1511 850 1645 876 κατα-

202 905 421 956 πλέοντες,
456 901 532 944 διοὶ
574 901 623 944 τὸ
663 904 940 959 θεωρεῖσθαι
967 900 1052 944 ὑπὸ
1082 902 1167 944 τῶν
1194 902 1237 943 ἐκ
1266 902 1342 954 τῆς
1375 903 1465 956 γῆς.
1522 907 1642 947 Adde

201 976 394 1018 Photium
412 976 522 1027 p.22
551 976 598 1015 7:
625 969 700 1021 Ἐς
734 972 826 1013 τὸν
854 972 1078 1027 λιμένα·
1107 967 1216 1014 ὅταν
1243 970 1325 1028 γὰρ
1354 969 1538 1028 ὁρῶνται
1556 968 1642 1014 ἀπὸ

201 1043 277 1095 τῆς
305 1039 481 1093 πόλεως,
511 1039 805 1097 σφοδρότερον
832 1041 1094 1098 ἐρέσσουσιν.
1148 1035 1260 1082 ὅθεν
1290 1040 1504 1098 παροιμία
1531 1040 1643 1083 κατὰ

200 1111 251 1154 τὸ
291 1111 468 1161 ἐλλιπές,
500 1107 704 1160 Ἀττικὸς
748 1111 790 1160 ἐς
825 1110 904 1152 τὸν
941 1111 1110 1166 λιμένα.
1166 1108 1300 1153 λείπει
1337 1109 1419 1166 γὰρ
1455 1106 1641 1168 ἰσχυρός.

202 1185 290 1226 cfr.
319 1183 560 1236 Diogenian.
591 1183 609 1223 1
639 1183 711 1232 66,
736 1183 943 1223 Zenobius
973 1183 1011 1222 11
1041 1183 1109 1223 1⁰.

872 1292 988 1332 X111.

313 1376 581 1419 Antiatticista
622 1375 798 1415 Bekkeri
829 1376 846 1415 l
875 1389 917 1428 p.
946 1376 1002 1414 80
1031 1374 1104 1413 14:
1138 1368 1392 1414 “Αλυκόν·
1432 1370 1532 1414 ἀντὶ
1567 1372 1645 1415 τοῦ

201 1441 406 1501 ἁλμυρόν.
462 1439 787 1498 Ἀριστοφάνης
820 1438 1136 1494 Βαβυλωνίοις.
1201 1444 1275 1485 cfr
1312 1445 1521 1498 Aristoph.
1560 1445 1643 1498 Ly-

200 1517 309 1559 sistr.
337 1529 375 1557 v.
405 1515 491 1555 4⁰3
522 1519 564 1555 et
594 1514 749 1555 Anecd.
781 1514 798 1554 1
828 1524 869 1567 p.
899 1514 984 1553 383
1012 1514 1081 1555 20.

869 1613 984 1655 XIV·

314 1705 486 1746 Photius
524 1718 565 1757 p.
594 1705 677 1745 288
714 1703 789 1745 24:
837 1698 1098 1753 Ναυλοχεῖν,
1139 1697 1243 1747 ναῦς
1290 1697 1421 1752 λοχᾶν
1461 1698 1537 1740 καὶ
1574 1697 1646 1740 ἐν-

202 1769 407 1830 εδρεύειν·
455 1799 511 1806 —-
546 1772 620 1813 καὶ
657 1767 889 1825 ναυλόχιον
927 1766 951 1810 ὁ
988 1766 1180 1816 τοιοῦτος
1217 1763 1366 1817 τόπος,
1412 1760 1445 1826 ᾧ
1482 1768 1646 1823 λιμένες

203 1840 378 1885 ἔνεισιν·
408 1838 729 1896 Ναυλόχιον
756 1840 811 1882 ἐν
838 1837 910 1896 τῷ
937 1837 1103 1895 μέσῳ,
1143 1833 1467 1892 Ἀριστοφάνης
1493 1837 1648 1892 Βαβυ-

203 1909 386 1959 λωνίοις.
444 1913 591 1953 Pollux
621 1913 678 1953 lx
707 1913 782 1952 28:
812 1910 906 1950 Καὶ
936 1901 1067 1964 ὅρμος
1096 1905 1142 1947 δὲ
1169 1907 1243 1947 καὶ
1271 1904 1447 1962 κρηπίς,
1476 1904 1644 1962 νεώρια,

204 1979 452 2033 νεώσοικοι,
491 1980 567 2021 καὶ
606 1976 663 2029 ὦς
701 1975 1030 2035 Ἀριστοφάνης
1069 1976 1117 2018 ἐν
1155 1973 1479 2030 Βαβυλωνίοις,
1520 1988 1650 2019 ναυ-

202 2048 408 2106 λόχιον.

879 2105 971 2147 XV.

423 2183 689 2239 ’.Ανέχασκον
715 2178 775 2234 εἷς
804 2184 982 2234 ἕκαστος
1009 2182 1309 2239 ἐμφερέστατα

423 2265 694 2323 ὀπτωμέναις
720 2265 945 2324 κόγχαισιν
970 2267 1043 2309 ε’πὶ
1069 2266 1156 2308 τῶν
1183 2260 1434 2322 ἀνθράκων.

315 2365 645 2416 Athenaeus.111
675 2371 729 2410 86
757 2372 815 2412 F:
851 2367 941 2418 Τὰς
971 2367 1016 2409 δὲ
1043 2363 1198 2422 κόγχας
1226 2363 1345 2408 ἔστιν
1372 2363 1508 2422 εὑρεῖν
1534 2367 1651 2421 λεγο-

203 2442 337 2498 μένας
371 2441 446 2483 καὶ
481 2436 685 2490 θηλυκῶς
722 2439 798 2480 καὶ
834 2436 1075 2494 ἀρσενικῶς.
1137 2432 1462 2490 Ἀριστοφάνης
1495 2436 1649 2488 Βαβυ-

205 2509 398 2559 λωνίοις·
432 2507 580 2564 Ἀνέχ.
606 2506 696 2550 κτλ.
761 2510 960 2550 Dicuntur
994 2508 1098 2548 haec
1136 2507 1187 2547 de
1215 2507 1366 2560 populo
1395 2505 1648 2556 Atheniensi,

205 2583 276 2634 qui
310 2594 410 2634 prae
449 2581 572 2621 nimia
612 2580 913 2632 exspectatione
951 2582 1143 2630 tanquam
1177 2577 1332 2618 coneha
1369 2576 1526 2624 hiabat,
1567 2587 1648 2627 quo

203 2651 371 2692 nomine
399 2653 523 2702 poeta
550 2650 768 2703 populares
797 2650 918 2690 etiam
946 2648 989 2688 in
1018 2646 1200 2689 Acharn.
1240 2659 1279 2687 v.
1308 2646 1390 2685 133
1425 2646 1648 2698 reprehen-

206 2720 288 2761 dit:
327 2714 475 2772 “Υμεῖς
504 2719 550 2759 δὲ
578 2715 872 2774 πρεσβεύεσθε
901 2715 976 2758 καὶ
1003 2711 1211 2769 κεχήνετε.
1275 2715 1330 2756 nt
1357 2714 1400 2757 in
1427 2715 1644 2769 Equitibus
