1716 3164
571 185 982 231 ῙῊΡΥΤΑΔΗΣ.
1413 189 1529 234 1⁰⁰0

746 301 821 343 IX.

181 384 243 429 A.
275 383 371 425 Καὶ
402 380 492 432 πῶς
521 381 599 438 ἐγώ
633 383 864 425 Σθενέλου
893 379 1085 439 φάγοιμ’
1112 377 1170 423 ἂν
1198 378 1400 441 ῥήματα;

181 469 240 514 Β.
265 464 326 519 εἷς
355 465 454 521 ὅξος
482 464 815 524 ἐμβαπτόμενος
843 463 872 519 ἢ
902 465 1059 525 ξηροὺς
1087 461 1212 517 ἅλας.

158 574 390 615 Scholiasta
427 573 600 626 Vespar.
638 586 677 614 v.
716 572 853 612 13⁰3:
909 568 1136 619 Σθένελος
1175 568 1222 610 δὲ
1261 566 1286 610 ὁ
1323 569 1526 626 τραγικὸς

44 638 291 700 ὑποκριτής,
322 638 371 691 ὃς
399 639 473 683 διὰ
501 641 659 682 πενίαν
687 639 770 691 τὴν
799 639 1008 695 τραγικὴν
1037 639 1196 691 σκευὴν
1224 637 1414 682 ἀπέδοτο
1443 656 1522 684 κα-

44 713 128 763 κῶς
157 709 384 770 πράττων·
422 703 550 760 οὗτος
587 707 783 752 ἐλαύνων
821 712 920 768 περὶ
962 714 1053 760 τοῖς
1093 708 1279 766 τείχεσιν
1308 709 1524 754 ἐνδεικνὺ.

43 798 173 840 μενος
217 778 477 838 διεχλεύαζε·
534 781 632 836 περὶ
677 778 836 823 τούτου
881 782 1122 837 γέγραπται
1173 780 1220 821 ἐν
1267 778 1525 840 Γηρυτάδῃ·

44 855 142 897 Καὶ
170 853 259 903 πῶς
287 852 378 895 κτλ.
450 854 606 894 Eadem
645 854 886 895 Athenaeus
919 855 976 895 IX
1007 868 1049 907 p.
1080 853 1163 894 367
1193 854 1251 893 B:
1287 848 1440 894 Ἀλῶν
1478 852 1527 895 δὲ

44 927 120 968 καὶ
157 922 282 977 ὄξους
321 922 540 978 μέμνηται
588 918 612 962 ὁ
650 920 783 971 καλὸς
824 917 1160 978 Ἀριστοφάνης
1203 920 1251 961 ἐν
1295 924 1387 971 τοῖς
1425 923 1526 980 περὶ

44 995 274 1037 Σθενέλου
309 991 388 1033 τοῦ
425 990 635 1047 τραγικοῦ
663 991 825 1045 λέγων·
865 992 958 1032 Καὶ
995 991 1085 1041 πῶς
1118 1018 1172 1025 —-
1202 986 1259 1031 ἂν
1287 991 1428 1047 ρἧας
1464 987 1526 1042 εἰς

44 1063 143 1118 ὄξος
170 1093 226 1100 -
255 1059 286 1115 ἢ
314 1060 490 1111 λευκοὺς
528 1054 651 1111 ἅλας.
723 1065 964 1105 Secundum
1004 1059 1172 1105 >versum
1213 1063 1336 1104 etiam
1375 1065 1527 1108 Pollux

46 1139 213 1179 exhibet
243 1137 302 1177 sic
331 1136 531 1188 scriptum
561 1135 618 1176 VI
650 1133 726 1175 65:
765 1134 933 1174 Λεπτοὶ
964 1127 1088 1184 ἅλες,
1128 1126 1193 1180 εἷς
1233 1126 1311 1181 οὕς
1350 1147 1417 1182 τις
1446 1132 1527 1188 ἐμ-

48 1203 232 1261 βάπτει,
261 1201 319 1254 ὥς
356 1199 712 1258 Ἀριστοφάνης·
758 1198 837 1252 Εἰς
866 1200 965 1255 ὄξος
994 1202 1093 1257 ε’μβ.
1126 1198 1156 1252 ἢ
1184 1199 1367 1251 λεπτοὺς
1397 1197 1524 1253 ἅλας.

50 1280 195 1331 Itaque
234 1290 333 1317 sane
363 1275 579 1329 probabile
618 1280 681 1315 est
710 1275 1030 1328 Aristophanem
1068 1271 1252 1321 λεπτοὺς
1290 1276 1525 1328 scripsisse,

45 1349 290 1403 praesertim
321 1360 414 1387 cum
446 1346 568 1386 etiam
586 1345 791 1385 Athenaei
822 1346 946 1385 lectio
965 1346 1153 1398 proxime
1181 1345 1363 1386 accedat.
1403 1346 1528 1387 Sthe-

46 1422 186 1461 nelum
226 1418 425 1471 tragicum
467 1419 632 1468 poetam
670 1416 768 1455 satis
804 1416 1006 1456 insulsum
1044 1415 1134 1455 risit
1177 1416 1300 1455 etiam
1332 1416 1452 1456 Plato
1482 1416 1526 1459 in

46 1490 277 1532 Laconibus
306 1489 377 1529 Fr.
407 1486 460 1527 11.
491 1486 561 1526 ubi
591 1485 672 1526 vid.
705 1485 901 1526 Meineke
932 1490 973 1526 et
1002 1486 1046 1526 in
1077 1482 1263 1533 Σκευαῖς
1292 1485 1364 1526 Fr.
1396 1485 1452 1527 11.

269 1684 354 1729 Ἕν
383 1685 499 1727 τοῖσι
530 1681 810 1733 συνδείπνοις
838 1684 1034 1726 ἐπαινῶν
1062 1680 1306 1741 Αἰσχύλον.

163 1780 408 1822 Athenaeus
423 1777 525 1821 Vm
555 1790 598 1830 p.
617 1776 700 1817 365
731 1778 787 1818 B:
818 1773 1095 1818 Σύνδειπνον
1123 1773 1290 1830 εἴρηκεν
1317 1773 1391 1816 ἐπὶ
1416 1787 1533 1829 συμ-

53 1846 215 1893 ποσίου
243 1876 298 1884 -
328 1847 404 1890 καὶ
431 1842 763 1902 Ἀριστοφάνης
792 1843 1045 1902 Γηρυτάδῃ·
1075 1843 1154 1886 Ἐν
1184 1845 1298 1890 τοῖσι
1325 1843 1416 1888 κτλ.

757 1959 831 2000 ΧΙ.

355 2037 481 2084 ‘'Huw
517 2038 763 2098 Θεαρίωνος
793 2039 1068 2098 ἀρτοπώλιον

357 2123 509 2181 λιπών,
541 2121 606 2166 ‘lv’
639 2125 735 2168 ἐστὶ
763 2123 984 2183 κριβάνων
1013 2122 1189 2168 ἑδώλια.

167 2217 407 2260 Athenaeus
428 2219 490 2258 111
522 2220 662 2272 p.112
682 2222 743 2260 E:
779 2215 976 2273 Θεαρίων
1006 2213 1030 2257 ὁ
1061 2209 1310 2271 ἀρτοποιός,
1341 2202 1395 2253 οὗ
1421 2223 1534 2265 μνη-

58 2283 232 2342 μονεύει
261 2283 455 2326 Πλάτων
484 2286 531 2326 ἐν
561 2286 728 2342 Γοργίᾳ
758 2315 813 2321 —-
843 2287 918 2327 καὶ
953 2282 1288 2342 Ἀριστοφάνης
1315 2281 1363 2322 ἐν
1391 2280 1535 2336 Γηρυ·

57 2351 172 2412 τάδῃ
200 2355 276 2396 καὶ
303 2351 599 2397 ,Αἰολοσίκωνι
630 2355 704 2395 διὰ
734 2352 923 2396 τούτων·
947 2349 1083 2395 (Ἠκω
1113 2353 1205 2397 κτλ.
1263 2353 1357 2395 Dixi
1387 2352 1441 2393 de
1468 2351 1535 2392 his

63 2427 253 2468 versibus
278 2438 405 2480 supra
433 2427 485 2467 ad
514 2428 680 2469 Aeolos.
711 2428 783 2468 Fr.
815 2427 909 2469 Vll.
976 2426 1151 2467 Videtur
1179 2428 1319 2466 autem
1348 2434 1453 2464 nnus
1483 2433 1535 2463 ex

63 2497 216 2552 legatis
243 2495 355 2537 fame
383 2510 515 2550 prope
545 2497 760 2539 confectus
789 2498 867 2538 ista
898 2498 1051 2537 dicere.

743 2608 840 2649 ΧΠ.

174 2690 417 2734 Athenaeus
432 2690 492 2731 XI
515 2705 555 2745 p.
572 2691 657 2732 485
685 2694 744 2735 A:
772 2685 1014 2741 Λεπαστὴ·
1044 2689 1088 2731 οἱ
1117 2689 1199 2745 μὲν
1227 2680 1542 2738 ὀξύνουσιτὴν

65 2756 334 2812 τελευταίαν,
363 2755 422 2808 ὥς
452 2756 577 2811 καλή,
610 2759 654 2800 οἱ
683 2759 729 2801 δὲ
759 2756 1083 2817 παροξύνουσιν
1110 2754 1168 2807 ὥς
1196 2751 1379 2813 μεγάλη.
1408 2752 1541 2796 τοῦτο

121 2839 292 2875 Comoed.
322 2843 394 2875 ant.
1223 2828 1279 2868 64
1343 2877 1361 2886 r
