1716 3164
624 160 965 204 ΠΑΜΦΙΛΗ.
1461 163 1545 203 809

771 277 846 318 111.

323 357 451 412 Αὐτὴ
485 359 512 401 δ
528 356 539 371 '
572 357 713 412 ἐκείνη
742 356 955 415 πρότερον
984 355 1253 411 ἐξηπίστατο

325 444 445 502 παρὰ
475 445 551 497 τῆς
579 444 813 497 ἐπιτηθῆς.

186 540 368 593 Elymol.
399 540 459 580 M.
491 553 532 592 p.
557 539 640 580 366
670 539 740 580 11.
766 530 1015 586 Ἐπιτηθήι
1047 530 1073 585 ἡ
1106 531 1183 584 τῆς
1209 530 1375 590 μητρὸς
1404 529 1543 584 τηθή.

82 603 349 663 Θεόπομπος
377 605 604 665 Παμφίλῃ
633 605 760 658 Αὐτὴ
791 604 838 649 δ’
870 603 1011 657 ἐκείνη
1040 604 1132 648 κτλ,

764 722 836 765 lV.

319 808 499 853 Τούτων
528 808 738 855 ἁπάντων
767 807 791 852 ὁ
822 804 1031 871 ῥαχιστὴς
1059 805 1299 863 Δημοφῶν.

182 924 356 967 Photius
386 940 426 980 p.
457 928 542 968 484
569 928 624 968 4:
661 920 864 982 ῥαχίζειν,
901 920 953 963 τὸ
995 916 1374 972 ἀλαζονεύεσθαι,
1412 917 1488 959 καὶ
1518 913 1543 958 ὁ

69 992 278 1050 ραχιστὴς
318 991 342 1036 ὁ
372 992 566 1047 ἀλαζών·
614 992 878 1050 Θεόπομπος
909 988 1134 1049 Παμφίλῃ
1180 987 1360 1032 Τούτων
1399 985 1543 1030 ἁπάν-

69 1077 158 1105 των
188 1065 279 1109 κτλ.
338 1070 495 1112 Eadem
527 1068 674 1111 Suidas
705 1082 737 1110 s.
768 1081 806 1109 v.
837 1060 1039 1123 ῥαχίζειν.

781 1180 831 1222 V.

186 1264 332 1306 Pollux
364 1266 401 1307 X
432 1266 510 1307 49:
554 1259 816 1319 Θεόπομπος
851 1259 875 1304 ὁ
905 1258 1092 1317 κωμικὸς
1131 1259 1178 1302 ἐν
1206 1255 1432 1316 Παμφίλῃ
1469 1256 1546 1310 καὶ

74 1331 362 1377 σανδάλια
391 1334 571 1393 εἴρηκεν,
601 1332 699 1376 ἀλλ’
731 1333 804 1376 ἐπὶ
833 1328 1052 1388 γυναικός.
1468 1360 1471 1364 s

446 1602 1080 1651 ΠΑΝΤΑΛΕῼΝ.
1141 1606 1182 1656 ·)

786 1732 818 1772 1.

184 1813 332 1855 Pollux
363 1814 421 1855 lX
452 1815 530 1855 16:
567 1813 643 1854 καὶ
677 1809 940 1867 Θεόπομπος
979 1811 1026 1853 δὲ
1055 1811 1102 1852 ἐν
1132 1809 1442 1852 Πανταλέοντι
1469 1811 1546 1851 καὶ

71 1879 386 1935 σπηλᾰδιον
427 1881 580 1941 εἴρηκε.
650 1887 893 1927 Eustathius
945 1886 997 1926 ad
1040 1884 1192 1937 Odyss.
1235 1897 1276 1937 p.
1310 1883 1422 1924 1552
1462 1884 1542 1924 31:

67 1947 137 1997 ὅτι
181 1953 228 1995 δὲ
267 1947 414 2012 ὥσπερ
456 1951 679 2006 σπηλαίου
721 1956 798 1997 καὶ
843 1950 1205 2012 προσκεφαλαίου
1244 1952 1321 1994 καὶ
1359 1950 1543 2009 τυχαίου

67 2019 379 2084 ὖποκοριστικὰ
435 2022 757 2077 σπηλάδιον
823 2020 1324 2082 προσκεφαλάὸιον
1380 2020 1543 2080 τυχα-

70 2095 214 2150 ῦιον,
245 2092 361 2139 οὕτω
389 2097 464 2139 καὶ
492 2095 643 2139 ἐλαίου
671 2093 860 2151 ἐλάδιον,
892 2094 1107 2149 δηλοῦσιν
1137 2095 1181 2136 οἱ
1208 2090 1408 2149 τεχνικοί.
1468 2095 1546 2137 cn·

71 2168 254 2224 Etymol.
284 2171 346 2212 M.
371 2183 412 2224 p.
442 2170 528 2212 240
555 2171 613 2212 in.

777 2255 830 2296 ΙΙ.

136 2379 139 2381 ,
181 2336 330 2378 Pollux
356 2336 397 2378 X
425 2337 502 2376 41:
541 2330 582 2375 εἰ
618 2335 664 2376 δὲ
704 2336 780 2376 καὶ
817 2334 869 2376 τὸ
910 2333 1130 2390 κνέφαλον
1166 2331 1229 2386 μὴ
1259 2331 1332 2373 ἐπὶ
1361 2330 1441 2377 τοῦ
1469 2346 1543 2375 τυ-

68 2400 187 2444 λείου
233 2417 299 2453 τις
343 2399 518 2446 ἀκούειν
557 2401 782 2461 βούλοιτο,
822 2398 971 2460 ὥσπερ
1010 2401 1036 2455 ἡ
1075 2400 1215 2454 πολλή
1249 2401 1405 2459 χρῆσις
1445 2400 1543 2459 ἔχει,

68 2470 172 2517 ἀλλ’
200 2473 274 2516 ἐπὶ
300 2473 379 2516 τοῦ
415 2473 746 2530 ἐμβαλλομένου
780 2472 1098 2532 πληοώματος,
1139 2469 1169 2515 ὅ
1196 2470 1428 2531 γνάῳαλον
1463 2488 1542 2515 κα-

67 2544 215 2598 λοῦσι,
259 2559 581 2602 προσχρησεται
617 2545 677 2604 τῷ
705 2547 893 2604 ῥηθέντι
922 2546 970 2587 ἐν
996 2544 1307 2587 Πανταλέοντι
1341 2542 1541 2600 Θεοπόμ-

71 2631 168 2670 που,
213 2612 255 2659 εἰ
294 2617 371 2658 καὶ
413 2614 762 2673 ἀμφισβητεῖται
801 2617 854 2660 τὸ
896 2615 1059 2674 δρᾶμα.
1121 2629 1341 2673 προειπων
1386 2614 1471 2673 γὰρ
1514 2613 1540 2663 ὁ

161 2759 194 2802 ·)
216 2759 255 2795 v.
279 2760 369 2796 nist.
394 2760 471 2797 erit.
495 2773 527 2807 p.
551 2759 633 2799 241.
