1716 3164
644 155 952 202 ΣΕΡιψιοι.
1440 160 1526 202 m
1605 124 1608 126 ’

741 332 817 373 111.

155 419 304 459 Pollux
338 416 421 459 ‘Vll
465 417 574 457 100:
632 411 876 470 Ἀμειψίου
918 411 966 454 ἐν
1013 411 1204 466 Μοιχοῖς
1249 409 1523 467 μιλτωρυ-

36 485 164 544 χίαν
199 482 412 535 εἰπόντος.
480 488 654 528 Photius
693 488 795 530 Lex.
834 500 875 540 Ρ.
905 486 990 526 276
1030 485 1112 524 18:
1151 479 1521 537 μιλτωρυχία,

42 557 177 607 τόπος
215 558 261 598 ἐν
298 549 329 614 ᾧ
358 554 512 612 μίλτος
550 553 798 612 ὀρύσσεται.
851 550 1114 609 Ἀμειψίας.
1176 553 1251 596 cn·
1281 555 1523 596 Eustathius

45 633 96 673 ad
129 632 242 672 Iliad.
275 644 315 683 p.
344 630 427 669 310
458 629 528 669 3-1.

542 925 586 967 Σ
642 924 688 965 Α
744 922 794 963 11
855 922 900 965 Φ
958 920 1019 963 Ω.

153 1053 303 1095 Pollux
333 1051 392 1092 lx
423 1050 530 1090 138:
570 1047 646 1090 καὶ
675 1041 832 1096 νωθὴς
860 1046 936 1087 καὶ
967 1041 1166 1102 νωθρός·
1208 1043 1303 1088 ἔστι
1332 1043 1417 1103 γὰρ
1440 1045 1523 1088 καὶ

40 1123 172 1166 τοῦτο
201 1118 322 1178 παρὰ
338 1117 548 1161 Πλάτωνι
576 1118 623 1161 ἐν
648 1116 712 1175 ,τῴ
739 1114 925 1174 Φαίδρῳ
955 1144 1010 1152 —
1039 1115 1087 1160 ἐν
1116 1116 1163 1159 δὲ
1193 1116 1251 1177 τῇ
1268 1115 1524 1176 Ἀμειψίου

41 1195 232 1251 Σαπφοῖ
255 1193 330 1235 καὶ
358 1188 728 1249 νωθρότερον
757 1184 1013 1246 εὑρήκαμεν.

446 1450 1115 1522 ΣψΕΝΔοΝΗ.Ἶ

100 1693 288 1745 Κούδείς
317 1693 502 1738 σούστὶν
530 1693 617 1736 τῶν
646 1687 979 1742 πλουτούντων,
1022 1688 1089 1746 μὰ
1127 1688 1207 1733 τὸν
1236 1685 1523 1750 “Ἠφαιστον,

829 1773 1111 1833 προσομοίως

97 1859 434 1921 καλλιτράπεζος
457 1863 534 1906 καὶ
550 1859 817 1918 βουλόμενος
844 1859 1035 1917 λιπαρὸν
1055 1859 1220 1918 ψωμὸν
1246 1858 1523 1909 καταπίνειν.

153 1980 394 2023 Athenaeus
424 1979 483 2023 V!
512 1992 554 2032 p.
584 1978 668 2018 270
687 1976 711 2016 f
717 1991 729 2017 ε
765 1973 880 2016 κατὰ
913 1971 1182 2032 Ἀμειψίαν,
1218 1968 1267 2023 ὃς
1295 1973 1344 2015 ἐν
1371 1974 1524 2031 Σφεν-

42 2048 150 2109 δόνῃ
179 2047 264 2106 ἔφη
294 2048 394 2105 περὶ
433 2047 517 2089 σοῦ
543 2043 924 2102 μαντευσάμενος,
964 2037 999 2087 ὦ
1030 2042 1273 2102 Λαρήνσιε,
1332 2042 1524 2097 Κούδείς

41 2118 227 2164 σούστὶν
254 2119 347 2164 κτλ.
415 2121 488 2163 Vs.
522 2122 544 2161 1
588 2115 771 2160 σούστὶν
800 2121 1054 2170 Dindoffius,
1086 2115 1169 2159 σοῦ
1196 2113 1284 2158 ’στι
1313 2120 1400 2169 Ac,
1441 2117 1526 2160 σοῦ

41 2190 107 2242 τίς
136 2194 232 2243 ΒΡ,
269 2188 343 2233 σοί
377 2204 443 2239 τις
475 2192 560 2245 VL.
632 2191 792 2231 Ibidem
833 2205 910 2244 pro
948 2184 1282 2239 πλουτούντων,
1320 2191 1432 2242 quod
1473 2204 1525 2233 ex

39 2267 111 2307 Ac
152 2268 390 2317 receptum,
439 2262 548 2303 PVL
578 2261 734 2302 habent
763 2258 999 2302 πλουσίων.
1060 2255 1340 2315 προσομοίως
1376 2262 1524 2315 scripsi

39 2348 116 2389 pro
162 2335 362 2374 librorum
412 2333 594 2372 lectione
635 2327 906 2384 προσόμοιος
947 2335 1177 2385 praeeunte
1217 2331 1300 2372 Th.
1340 2332 1522 2386 Bergkio

42 2406 275 2446 Commeat.
314 2415 357 2455 p.
387 2402 487 2442 421.
543 2427 599 2434 —-
658 2403 730 2444 Vs.
762 2403 790 2442 2
832 2400 994 2458 ψωμὸν
1033 2401 1158 2443 ABG.
1217 2397 1361 2454 ζωμὸν
1397 2402 1521 2446 PVL.

41 2474 234 2515 Praefert
263 2474 344 2513 hoc
372 2477 547 2526 propter
573 2468 834 2513 καταπίνειν
859 2475 1078 2528 Bergkius.
1148 2472 1234 2513 Sed
1263 2469 1524 2513 καταπίνειν

40 2543 272 2586 devorandi
308 2555 435 2584 sensu
473 2543 571 2585 satis
607 2543 809 2597 frequens
850 2550 938 2588 est:
988 2540 1232 2598 ἐγκέφαλον
1266 2535 1526 2586 καταπίνειν

41 2616 142 2658 dixit
171 2616 291 2656 Plato
317 2608 513 2669 “Εορτῶν
540 2615 692 2670 fragm.
723 2615 796 2658 lX.

135 2760 168 2803 ⁹)
191 2759 232 2796 V.
257 2758 346 2796 Hist.
371 2761 449 2797 crit.
473 2773 510 2806 p.
532 2762 614 2798 204.

1145 2821 1201 2863 45
1230 2826 1250 2844 ⁸
