1716 3158
516 150 780 195 FABULAE
814 149 1118 194 mmmmm.
1484 149 1567 190 871

89 267 212 308 ἕκτα.
279 266 452 307 Nounus
490 265 519 307 Ι.
551 265 578 306 Ι.
618 266 680 307 vs.
711 266 819 307 147:
858 263 1008 314 Σῶκος
1046 259 1283 314 &stigmam
1324 259 1469 317 πατὴρ
1499 272 1571 302 νο-

86 334 314 394 σφίσσατο
372 330 540 392 πάτρης
585 331 775 390 Κόμβης
831 334 962 377 ἑπτα
975 331 1137 377 τόκου
1194 332 1306 389 μετὰ
1370 332 1568 388 μητέρος.

17 442 19 449 ,
87 410 172 450 lam
204 409 327 450 etiam
359 408 510 449 clarius
539 408 727 461 patescit,
758 408 856 460 quid
889 409 1065 449 moverit
1093 412 1259 461 poetam
1290 410 1337 447 ut
1352 408 1568 447 Musarum

84 485 259 522 matrem
298 479 384 530 (de
422 478 502 519 hac
542 479 650 519 enim
681 479 747 531 agi
793 478 956 520 videtur
992 480 1032 519 in
1065 478 1252 531 Polyzeli
1293 490 1439 528 versu,
1475 476 1571 518 vide

15 564 16 571 ¹
83 553 194 592 Hist.
226 551 317 592 crit.
347 563 388 603 p.
419 549 537 599 281)
576 561 668 589 cum
701 549 901 589 Chalcide
934 550 1248 602 comparaverit.
1316 550 1379 589 Ex
1410 561 1491 601 quo
1520 549 1570 588 il-

14 631 15 634 ’
83 623 156 663 lud
186 634 330 662 rursus
358 619 632 672 intelligitur,
671 619 913 673 Polyzelum
949 620 1029 660 hac
1066 620 1108 660 in
1139 620 1281 660 fabula
1313 633 1385 660 eos
1417 632 1569 672 sequu-

83 698 172 735 tum
222 705 314 734 esse
354 693 569 739 auctoreS,
614 690 683 742 qui
730 695 893 744 septem
936 692 1081 732 Musas
1121 691 1253 732 fuisse
1294 691 1567 731 tradiderunt.

10 759 12 775 '
83 764 361 806 Chalcidicam
390 764 530 801 autem
558 759 658 801 dicit
675 762 877 813 Comben,
908 763 1102 815 quoniam
1119 762 1334 812 Chalcide,
1366 762 1566 803 Euboeae

7 861 10 868 ‹
83 836 199 884 urbe,
228 833 436 874 habitasse
469 830 699 873 ferebatur.

789 946 862 989 lv.

185 1038 334 1081 Pollux
363 1039 422 1083 Vl
454 1039 559 1079 166:
600 1033 624 1077 ὁ
668 1034 715 1078 δὲ
752 1035 1166 1093 γυναικοφιλὴς
1205 1036 1252 1078 ἐν
1286 1039 1381 1086 ταῖς
1414 1036 1563 1078 [loav-

2 1147 3 1150 ,
75 1103 204 1159 ζήλου
232 1106 431 1151 ΝΙουσῶν
462 1109 612 1163 γοναῖς
647 1104 700 1151 οὐ
734 1105 851 1150 πάνυ
882 1106 1080 1152 ἀνεκτόν.

689 1281 952 1289 ——-—-—-——-—

478 1418 556 1460 Ex
588 1417 856 1459 INGERTIS
887 1418 1144 1462 FABULlS.

785 1544 819 1584 1.

311 1623 347 1667 0
374 1621 641 1682 μαινόμενος
670 1625 856 1668 ἐκεινοσὶ
886 1622 1119 1676 Διονύσιος

289 1709 483 1767 χρυσοῦν
510 1709 620 1768 ἔχων
644 1710 841 1768 χλίδωνα
864 1713 940 1754 καὶ
969 1708 1238 1770 τρυφήματα

292 1795 339 1838 ἐν
369 1796 428 1855 τῷ
454 1793 577 1855 μύρῳ
606 1795 715 1854 παρ’
747 1797 1020 1850 Ἀθηναίων
1047 1797 1347 1855 μακαρίζεται.

178 1910 412 1953 Scholiasta
443 1913 549 1956 Ven.
580 1913 631 1954 ad
659 1913 874 1967 Aristoph.
907 1913 1018 1955 Plut.
1048 1913 1156 1955 550:
1197 1909 1220 1953 ὁ
1258 1912 1340 1966 μὲν
1379 1912 1549 1963 (Thra-

38 2033 40 2035 Υ
67 1980 266 2034 sybulus)
295 1978 589 2037 ἀξιωματικός
619 1983 694 2024 καὶ
725 1979 960 2035 αὐθάδης,
992 1980 1016 2024 ὁ
1048 1982 1093 2024 δὲ
1125 1985 1413 2040 (Dionysius)
1443 1998 1549 2037 μαι-

65 2047 247 2105 νόμενος
280 2053 357 2095 καὶ
394 2050 453 2104 ὥς
489 2052 628 2096 ἔοικεν
666 2050 965 2110 ἰχθυοπώλης.
1020 2051 1276 2106 Πολύζηλος
1302 2052 1359 2096 ‘0
1388 2050 1548 2109 μαινό·

63 2134 192 2175 μενος
220 2122 406 2167 ἐκεινοσί
433 2125 525 2168 κτλ.
596 2129 691 2170 Non
730 2129 855 2182 pleno
892 2129 975 2169 hoc
1016 2129 1176 2170 scholio
1217 2129 1278 2169 uti
1308 2128 1462 2169 licebat
1493 2127 1545 2168 ad

65 2195 402 2252 CratiniSeriph.
430 2200 469 2240 11
500 2199 541 2241 ὃ.
573 2201 644 2241 ubi
672 2213 793 2254 quam
826 2202 1106 2242 coniecturam
1140 2201 1193 2240 de
1225 2200 1419 2253 Dionysio
1451 2203 1543 2240 ten-

62 2268 158 2317 tavi,
182 2281 273 2309 eam
302 2271 384 2311 iam
414 2284 559 2312 vanam
589 2285 681 2314 esse
710 2273 969 2326 intelligitur.
1030 2273 1102 2315 Vs.
1134 2273 1160 2312 2
1191 2272 1282 2311 cod.
1309 2265 1542 2325 χραιδόνα.

64 2337 255 2378 Correxit
271 2341 523 2391 Dindorfius‚
542 2337 751 2394 τρύᾳημα
784 2348 826 2383 et
851 2341 1048 2395 χλὶὅωνα
1078 2344 1189 2382 inter
1221 2343 1419 2382 mundum
1450 2354 1541 2383 mu-

63 2407 234 2449 liebrem
275 2412 496 2452 memorari
533 2426 705 2454 monens
743 2415 793 2453 ab
833 2414 1111 2466 Aristophane
1156 2413 1304 2466 fragm.
1349 2414 1446 2454 309.
1488 2435 1538 2442 —-

63 2479 134 2519 Vs.
165 2481 191 2519 2
232 2482 469 2534 suspicabar
508 2479 632 2537 παρὰ
669 2483 756 2523 τῶν
795 2482 917 2525 νέων.
984 2485 1075 2524 Hos
1115 2486 1225 2524 enim
1263 2485 1305 2524 in
1337 2484 1431 2524 foro
1463 2496 1539 2525 uu-

62 2552 278 2603 gueutario
311 2554 429 2594 otiari
459 2555 605 2596 solitos
635 2554 766 2595 fuisse
797 2556 949 2596 docent
979 2569 1085 2609 quae
1116 2556 1198 2596 dixi
1229 2556 1280 2596 ad
1309 2556 1539 2596 Pherecra-

62 2621 114 2662 tis
143 2622 299 2675 fragm.
337 2638 377 2678 p.
409 2625 506 2667 253.
577 2627 661 2667 Sed
700 2627 810 2666 edita
850 2627 973 2667 lectio
1011 2631 1126 2668 recte
1165 2627 1323 2668 habere
1361 2628 1537 2669 videtur.

61 2685 312 2743 Ἀθηναῖος
341 2697 571 2750 penultima
599 2697 715 2739 brevi
746 2698 846 2738 dixit
878 2698 1150 2741 Pherecrates
1180 2714 1220 2753 p.
1252 2700 1357 2740 267:
1386 2695 1539 2747 Ἀθη-

63 2757 207 2814 ναίαις
250 2761 406 2818 αὐταῖς
450 2780 492 2809 τε
536 2767 613 2809 καὶ
655 2766 751 2819 ταῖς
796 2764 1051 2825 ξυμμάχοις.
1129 2772 1267 2826 Atque
1310 2772 1367 2812 ita
1412 2771 1535 2812 etiam
