1716 3164
240 166 323 208 eoo
377 221 385 228 ¹
823 161 1111 212 PfflLYLLu.

242 284 320 318 tur.
388 279 448 318 lta
477 278 668 319 Aelianus
705 279 810 332 apud
849 280 1015 321 Suldam
1045 282 1062 330 (
1074 294 1110 322 v.
1150 277 1430 337 Ἐπίκουρος)
1459 286 1682 338 Epicurum

240 352 357 387 vocat
385 345 637 399 προ-τένθην
671 348 745 387 καὶ
780 343 1029 402 ὀψοφάγον.
1097 350 1321 393 Confirmat
1355 358 1533 395 nostram
1572 356 1682 395 vocis

240 413 487 468 προτένθης
527 418 835 470 explicationem
875 419 1167 472 Aristophanes
1204 421 1310 462 Nub.
1344 423 1450 464 1197
1481 437 1566 477 sqq.
1614 425 1684 464 ubi

240 486 507 539 interroganti
536 486 783 539 Strepsiadi:

460 552 548 603 πῶς
578 551 630 595 οὐ
659 553 858 609 δέχονται
887 553 998 604 δῆτα
1029 554 1080 611 τῇ
1108 554 1325 612 νουμηνίᾳ

459 620 589 677 ἁρχαὶ
618 621 672 663 τὰ
701 620 945 678 πρυτανεῖ’,
976 618 1075 663 ἀλλ’
1104 622 1178 680 ἕνῃ
1206 638 1252 665 τε
1282 625 1355 666 καὶ
1384 625 1481 683 νέας

238 692 492 747 Philippides
523 694 767 746 respondet:

432 755 537 815 ὅπερ
564 761 606 801 οὶ
636 761 879 816 προτένθαι
908 758 989 814 γάρ
1019 759 1196 802 δοκοῦσι’
1233 776 1310 814 μοι
1338 764 1495 804 ποιεῖν·

430 823 544 877 ὅπως
575 826 756 883 τάχιστα
787 827 841 869 τὰ
868 826 1092 884 πρυτανεῖ’
1125 827 1371 885 ὑφελοίατο,

432 896 507 939 διὰ
534 897 662 940 τοῦτο
693 895 1051 955 προύτένθευσαν
1079 896 1217 956 ἡμέρα
1246 899 1342 957 μιᾷ.

239 969 445 1012 Brunckio
476 974 633 1011 certum
663 971 865 1022 quoddam
896 971 1113 1023 collegium
1131 973 1292 1025 publica
1321 973 1560 1013 auctoritate
1589 986 1684 1014 con·

240 1041 424 1081 stitutum
445 1037 697 1091 προτένθας
724 1045 889 1081 vocatos
917 1040 1044 1081 fuisse
1075 1053 1298 1093 eorumque
1328 1041 1509 1082 officium
1539 1043 1589 1082 ad
1619 1056 1685 1082 rea

238 1123 374 1151 sacras
401 1110 644 1163 pertinuisse
674 1109 871 1160 credenti,
900 1123 980 1151 non
1009 1110 1118 1150 favet
1148 1122 1268 1162 quem
1299 1115 1526 1151 antestatur
1556 1111 1684 1151 Athe-

240 1192 366 1221 naeus
398 1180 426 1220 l.
456 1179 483 1219 l.
511 1171 655 1230 ὥσπερ
685 1190 726 1217 τι
754 1174 957 1232 σύστημα
989 1178 1031 1218 οἱ
1060 1177 1305 1233 προτένθαι
1340 1173 1464 1218 εἰσίν.
1527 1180 1685 1219 Eodem

239 1251 330 1290 iure
358 1244 458 1295 τοὺς
494 1244 775 1299 τετραδιστὰς
812 1250 1067 1300 aliorumque
1106 1249 1316 1289 hominum
1353 1249 1526 1289 circulos
1564 1249 1686 1288 certis

238 1319 382 1360 diebus
411 1317 604 1371 epulandi
633 1329 774 1358 caussa
803 1323 998 1358 coeuntes
1026 1310 1170 1371 ὥσπερ
1197 1314 1296 1356 τινὰ
1325 1312 1583 1368 συστήματα
1615 1331 1686 1369 ap-

237 1388 469 1442 pellaveris.
533 1388 680 1438 Neque
707 1387 897 1439 profecto
927 1388 1122 1427 Horatius
1151 1388 1478 1427 Ambubaiarum
1507 1386 1686 1439 collegia

237 1468 559 1500 commemorans
595 1455 765 1495 istorum
801 1456 1010 1496 tibicinum
1051 1460 1166 1496 certa
1201 1457 1399 1508 quaedam
1444 1461 1485 1495 et
1524 1456 1684 1508 publica

239 1527 480 1569 auctoritate
521 1525 740 1565 constituta
780 1526 952 1578 collegia
993 1525 1120 1566 fuisse
1151 1526 1332 1566 indicare
1355 1526 1507 1566 >voluit.
1566 1525 1685 1577 Quod

239 1603 376 1639 autem
407 1595 643 1637 Athenaeus
674 1593 923 1648 προτένθας
954 1607 1044 1634 cum
1070 1595 1261 1635 Parasitis
1291 1599 1511 1647 comparat,
1538 1595 1580 1634 id
1609 1607 1683 1635 suo

238 1668 327 1721 ipse
356 1666 456 1706 fecit
484 1666 695 1718 periculo,
735 1666 848 1705 cuius
884 1664 1085 1704 subeundi
1125 1659 1225 1704 nihil
1264 1675 1440 1721 caussae
1465 1664 1687 1717 praebebat

238 1736 348 1790 quod
378 1735 428 1775 ad
458 1740 595 1788 partes
636 1742 751 1775 vocat
781 1735 1015 1787 psephisma
1047 1734 1197 1773 Phoci:
1238 1724 1353 1780 ὅπως
1394 1726 1448 1771 ἂν
1484 1727 1510 1781 ἡ
1549 1730 1683 1784 βουλὴ

237 1801 322 1859 ἄγῃ
350 1801 405 1843 τὰ
434 1798 714 1857 Ἀπατούρια
743 1801 852 1856 μετὰ
887 1801 974 1842 τῶν
1012 1798 1154 1842 ἄλλων
1188 1798 1456 1851 Ἀθηναίων
1492 1798 1605 1841 κατὰ
1632 1797 1685 1840 τά

236 1869 415 1928 πάτρια,
442 1870 704 1927 ἐψηφίσθαι
734 1870 786 1929 τῇ
814 1870 951 1928 βουλῇ
979 1867 1201 1925 ἀφεῖσθαι
1231 1867 1330 1919 τοὺς
1347 1869 1581 1924 βουλευτὰς
1603 1867 1681 1918 τὰς

236 1940 422 1999 ἡμέρας,
455 1935 595 1997 ἅσπερ
631 1942 704 1983 καὶ
743 1941 790 1981 αἱ
830 1937 958 1980 ἄλλαι
994 1939 1234 1993 βουλαὶ”αὶ
1263 1937 1444 1996 ἀφεταὶ,
1484 1937 1573 1981 ἀπὸ
1609 1938 1684 1990 τῆς

236 2011 398 2071 ἡμέρας
426 2003 476 2063 ἧς
503 2011 546 2050 οἱ
576 2010 819 2065 προτένθαι
848 2006 1001 2064 ἄγουσι
1029 2009 1153 2051 πέντε
1183 2005 1355 2064 ἡμέρας.

548 2216 909 2258 ῙΙΛΥΝΤΡΙΑΙ
941 2217 995 2258 Η
1033 2214 1380 2257 ΝΑΥΣΙΚΑΑ.

355 2332 580 2373 Scholiasta
611 2330 818 2382 Aristoph.
849 2331 922 2373 ΛΥ.
954 2330 1082 2370 1568:
1123 2312 1285 2367 τοῦτον
1307 2327 1352 2365 ὄὲ
1382 2323 1459 2365 τὸν
1487 2324 1686 2367 Λαισπο-

244 2397 346 2440 δίαν
380 2399 454 2440 καὶ
493 2396 794 2452 στρατηχῆσαί
822 2411 933 2452 φησι
961 2394 1228 2446 Θουκυδίδης
1255 2394 1302 2435 ἐν
1331 2393 1382 2452 ’τῇ
1410 2391 1436 2444 ή
1467 2397 1575 2447 (cap.
1596 2395 1684 2445 86).

233 2469 460 2524 μέμνηται
498 2468 542 2508 δὲ
583 2466 720 2508 αὐτοῦ
752 2464 966 2521 Φρύνιχος
995 2466 1040 2506 ἐν
1073 2465 1340 2519 Κωμασταῖς
1368 2461 1425 2512 ὥς
1454 2461 1687 2515 πολεμικοῦ

245 2534 486 2592 γεγονότος,
531 2534 763 2585 Φιλύλλιος
793 2536 837 2576 δὲ
866 2534 911 2575 ἐν
942 2535 1036 2583 ταῖς
1065 2531 1333 2590 Πλυντρὶαις
1359 2530 1417 2581 ὠς
1445 2528 1684 2587 φιλοδίκου.

245 2611 308 2652 De
343 2610 476 2650 indice
514 2609 677 2649 fabulae
710 2608 776 2649 cfr
809 2608 918 2648 nist.
955 2609 1045 2647 crit.
1083 2621 1123 2659 p.
1155 2607 1251 2646 260.
1298 2606 1367 2645 ubi
1403 2602 1572 2646 monere
1609 2616 1683 2644 ue-

246 2679 354 2735 glexi
383 2678 563 2720 eiusdem
593 2679 700 2720 tituli
729 2678 868 2720 drama
888 2677 1100 2730 scripsisse
1129 2675 1388 2730 Sophoclem.
