1716 3164
703 139 926 186 ΝΗΣοΙ.
949 113 968 132 ’
1442 147 1550 188 1111

78 255 200 309 ξένης
227 250 318 295 ἀπὸ
343 250 530 308 χθονός.
587 257 785 300 Fortasse
807 257 991 312 Neptuni
1021 268 1187 311 quoque
1208 255 1382 298 fuerunt
1410 262 1550 312 partes

75 328 116 368 in
144 327 223 367 hac
252 327 492 377 comoedia,
523 328 870 380 quemadmodum
899 328 1017 370 Plato
1046 328 1090 370 in
1121 328 1271 370 lnsulis
1299 329 1388 371 slve
1416 329 1548 373 Grae-

77 397 141 438 cia
168 398 349 439 instituit
376 399 448 441 Fr.
480 398 541 440 111
570 412 612 452 p.
642 399 739 440 626.

781 496 854 540 Vl.

404 577 681 621 Καταλιπών
715 575 970 620 Παναίτιον
1000 575 1215 630 πίθηκον.

180 694 408 746 Scholiasta
437 695 647 749 Aristoph.
678 695 780 736 ΑΠ’.
810 707 848 735 v.
879 693 985 733 439:
1018 686 1166 732 ’Ἑοικε
1203 689 1252 732 δὲ
1288 687 1543 734 Παναίτιον

16 760 17 765 ’
68 761 302 818 κωμῳδεῖν,
331 758 385 804 ὃν
412 765 489 813 καὶ
516 764 562 806 ἐν
591 760 785 815 Νὴσοις·
815 761 1105 804 καταλ.Παν.
1139 761 1245 806 πιθ.
1276 758 1421 803 ἔνθα
1448 763 1543 804 καὶ

67 832 346 889 μαγείρου
383 834 598 891 πατρὸς
638 831 815 877 αὐτὸν
860 832 1024 886 λέγει·
1078 830 1279 884 πίθηκον
1318 831 1365 873 δὲ
1404 829 1542 874 αὐτὸν

67 894 157 944 εἶπε
194 903 270 946 διὰ
306 903 356 946 τὸ
395 905 660 961 πανοῦργον.
720 907 870 948 Suidas
900 901 1141 955 Διαθήκην
1173 899 1455 959 διαθώμεθα
1484 907 1541 947 si-

63 977 175 1016 milia
205 977 385 1018 exhibet.
415 973 629 1029 Πίθηκος
645 978 809 1018 videtur
826 977 1047 1017 Panaetius
1067 977 1190 1029 vulgo
1221 976 1426 1017 audivisse
1456 990 1540 1018 nou

8 1036 9 1042 ¹
64 1051 147 1087 tam
176 1053 350 1101 propter
379 1048 539 1090 vafrum
569 1050 803 1103 ingenium,
849 1061 972 1101 quam
1003 1052 1177 1100 propter
1206 1047 1289 1087 oris
1317 1047 1540 1099 turpitudi-

0 1161 2 1170 ἱ
62 1130 157 1158 nem
194 1118 437 1172 formaeque
476 1121 679 1169 dedecus,
721 1118 1067 1172 quemadmodum
1106 1117 1329 1158 scholiasta
1359 1118 1459 1158 dicit
1488 1118 1541 1159 ad

0 1176 5 1255 f
63 1189 166 1229 Avv.
194 1202 232 1229 v.
252 1184 368 1230 441:
404 1185 462 1230 ‘O
491 1186 742 1238 Παναίτιος
771 1184 976 1245 μάγειρος
1003 1187 1081 1228 καὶ
1115 1185 1430 1245 μικροφυὴς
1466 1177 1538 1239 ἦν.

0 1257 2 1288 ³
66 1263 108 1299 et
125 1261 270 1312 *supra
306 1273 356 1300 ex
394 1261 595 1315 Didymo:
644 1259 721 1300 καὶ
758 1257 976 1315 Δίδυμος,
1017 1250 1087 1300 ὅτι
1128 1254 1307 1313 αἰσχρός
1347 1272 1413 1308 τις
1454 1255 1538 1308 τὴν

61 1323 172 1381 ὄψιν
199 1327 389 1383 συνεχῶς
428 1328 482 1388 τῇ
519 1330 694 1383 γυναικὶ
731 1326 1080 1384 πλησιαζόμενος
1103 1329 1322 1371 συνέθετο
1352 1327 1425 1370 ἐπὶ
1454 1327 1536 1384 φί-

60 1397 149 1439 λων
185 1398 277 1442 κτλ.
345 1396 572 1456 Μάγειρος
607 1408 746 1444 autem
785 1403 896 1455 quod
937 1403 1111 1452 dicitur,
1147 1402 1284 1455 potius
1321 1401 1373 1442 ad
1403 1405 1536 1444 artem

61 1483 182 1524 quam
219 1475 338 1525 pater
374 1472 589 1527 professus
626 1478 738 1524 erat,
775 1472 1046 1514 referendum
1083 1485 1258 1514 censeo:
1294 1471 1387 1526 ipse
1424 1473 1535 1515 euim

59 1541 282 1583 Panaetius
314 1532 456 1585 εει-τοο
485 1545 629 1586 cultris
658 1544 859 1586 faciendis
899 1544 1050 1585 aluisse
1089 1544 1274 1593 videtur,
1312 1542 1412 1583 hinc
1441 1543 1536 1585 Ari-

61 1612 310 1665 stophanes:
343 1605 527 1667 ‘'vaQ
566 1610 590 1654 ὁ
620 1611 818 1665 πίθηκος
852 1611 907 1672 τῇ
944 1612 1119 1667 γυναικὶ
1157 1611 1337 1653 διέθετο
1359 1608 1419 1653 Ὃ
1446 1628 1536 1668 μα-

58 1677 332 1736 χαιροποιός,
364 1686 706 1738 quemadmodum
737 1687 952 1739 Cleophon
983 1680 1236 1741 λυροποιός,
1266 1686 1535 1739 Hyperbolus

62 1750 319 1805 λυχνοποιὸς
363 1763 544 1798 vocatur.
616 1758 678 1798 De
721 1757 886 1797 fabulae
929 1762 1121 1809 tempore
1166 1756 1200 1795 si
1241 1760 1357 1796 recte
1394 1756 1534 1806 statui,

62 1824 303 1866 Panaetium
333 1827 544 1867 absentem
576 1829 827 1880 perstrinxit,
857 1842 950 1868 nam
980 1840 1062 1867 non
1094 1827 1261 1876 dubito,
1292 1826 1390 1879 quin
1418 1827 1532 1868 idem

59 1894 131 1934 ille
169 1896 243 1945 sit,
274 1909 397 1948 quem
428 1911 477 1938 ex
506 1899 720 1939 Andocide
752 1899 1038 1952 cognoscimus
1067 1897 1360 1950 mysteriorum
1386 1897 1529 1952 prosas

60 1969 249 2007 natorum
278 1973 514 2009 accusatum
546 1976 588 2012 et
617 1971 659 2011 in
690 1971 858 2012 exilium
888 1969 1064 2009 eiectum
1094 1980 1201 2009 esse.

595 2082 687 2124 Vll.
747 2081 863 2124 VIII.
922 2082 994 2122 IX.

737 2163 944 2214 Θλαστὰς
969 2164 1111 2206 ποιεῖν
1138 2161 1285 2213 ἐλάας.

235 2243 299 2286 Οὐ
324 2245 488 2288 ταύτόν
515 2246 635 2289 ἐστιν
664 2245 855 2301 ἁλμάδες
883 2249 960 2289 καὶ
988 2248 1236 2304 στέμφυλα.

232 2329 436 2380 Θλαστὰς
465 2329 548 2387 γὰρ
576 2322 690 2373 εἶναι
718 2329 913 2387 κρεῖττόν
942 2329 1036 2374 ἐστ’
1071 2329 1101 2381 ἤ
1129 2328 1172 2385 γ’
1206 2327 1422 2387 ἁλμάδας.

173 2444 413 2486 Athenaeus
433 2445 468 2486 ll
486 2460 526 2499 p.
542 2446 598 2486 56
630 2449 685 2487 B:
718 2442 1001 2500 Μνημονεύει
1023 2444 1110 2486 τῶν
1127 2442 1342 2486 θλαστῶν
1370 2442 1527 2496 ἐλαιῶν

57 2508 411 2568 Ἀριστοφάνης·
454 2513 659 2564 (θλαστὰς
688 2517 829 2558 ποιεῖν
857 2514 1021 2565 ἐλαίας.
1062 2510 1219 2556 πάλιν·
1265 2511 1328 2555 Οὐ
1364 2510 1527 2555 ταύτὸν

59 2610 105 2618 -
142 2584 218 2624 καὶ
246 2580 346 2637 μετ’
378 2581 527 2638 ὀλίγα·
562 2584 767 2635 Θλαστὰς
795 2586 887 2629 κτλ.
955 2589 1139 2628 Primum
1169 2586 1447 2640 fragmentum
1475 2587 1528 2627 ad

63 2654 220 2697 Insulas
257 2658 466 2710 pertinere
508 2659 644 2712 arguit
687 2659 836 2700 Pollux
871 2659 930 2701 Vl
968 2658 1047 2698 45:
1096 2656 1189 2697 Καὶ
1230 2654 1437 2705 θλασΐὰς
1480 2653 1527 2696 δὲ

64 2719 212 2772 ἐλαίας
249 2723 295 2765 ἐν
324 2722 495 2778 Νήσοις
528 2723 593 2768 ἂν
612 2720 752 2784 εὕροις
776 2723 1151 2784 Ἀριστοφάνους.
1222 2730 1277 2772 At
1313 2730 1529 2772 consenta-
