1716 3158
405 654 464 710 A
514 651 582 709 Μ
636 651 670 709 Ι
720 653 774 710 P
823 649 870 708 S
925 647 959 705 I
1008 647 1068 704 A
1125 644 1192 703 S.

553 758 684 809 (nist.
716 760 806 800 crit.
839 773 879 812 p.
911 755 1045 806 199.)

402 1016 448 1056 A
455 1015 497 1056 11
506 1012 589 1057 ΘΚ
596 1012 631 1055 O
639 1010 841 1055 TTABI
840 1011 878 1051 Z
884 1009 1102 1054 ().VTEZ.
1162 1013 1203 1064 *)

791 1128 823 1168 Ι.

628 1209 743 1267 Ἐγώ
779 1206 828 1252 δ’
863 1206 942 1251 ἰών
973 1205 1244 1266 πειράσομαι

177 1297 237 1351 εἰς
266 1298 348 1352 τὴν
378 1297 544 1354 ἀγορὰν
574 1296 700 1354 ἔργον
730 1296 896 1350 λαβεῖν.
956 1294 1013 1338 Β.
1051 1287 1186 1346 ἧττον
1216 1290 1300 1349 γὰρ
1327 1282 1408 1334 οὗν

175 1386 328 1438 νῆστις
356 1382 566 1441 καθάπερ
594 1381 794 1439 κεστρεὺς
823 1379 1150 1434 ἀκολουθήσεις
1178 1378 1291 1435 ἐμοί.

176 1493 418 1534 Athenaeus
449 1492 529 1534 VII
559 1506 600 1545 p.
631 1491 778 1531 307e=
817 1481 886 1530 ὅτι
924 1487 971 1529 δὲ
1009 1477 1125 1535 εἶδος
1155 1483 1370 1541 κεστρέων
1397 1481 1442 1524 οἱ.
1471 1477 1550 1533 νή-

65 1576 181 1611 στεις
210 1587 267 1595 -—-
296 1561 438 1617 φησὶν
475 1588 533 1593 —
567 1557 819 1616 Ἀμειψίας
852 1554 1315 1612 Ἀποκοτταβίζουσιν
1348 1550 1462 1608 Ἐγώ
1498 1551 1540 1593 δ’

65 1630 144 1675 ἰών
171 1631 262 1676 κτλ.
322 1636 395 1676 Vs.
428 1636 450 1675 1
485 1627 563 1673 ιάὶν
592 1634 873 1684 Abreschius3
902 1634 995 1674 libri
1026 1625 1147 1672 ἰδών.
1177 1656 1235 1663 —-
1264 1630 1336 1671 Vs.
1367 1630 1395 1669 2
1422 1622 1551 1682 ἔργον

10 1699 11 1702 “
65 1704 231 1758 λαβεῖν.
290 1705 466 1746 Photius
498 1707 596 1746 Lex.
626 1719 668 1759 p.
701 1706 755 1746 12
785 1707 842 1747 20
881 1705 1062 1746 fortasse
1101 1702 1214 1742 hunc
1244 1701 1382 1754 ipsum
1407 1700 1550 1740 locum

66 1777 307 1831 respiciens,
328 1770 516 1831 ’'Epyov:
547 1771 571 1815 ὁ
599 1771 787 1829 μισθός.
844 1775 920 1815 καὶ
950 1773 1105 1826 λαβεῖν
1133 1769 1261 1826 ἔργον
1290 1768 1341 1811 τὸ
1369 1765 1552 1823 μισθῶ-

66 1861 145 1889 σαι
179 1842 349 1887 ἑαυτόν.
423 1847 583 1887 Ibidem
621 1848 732 1888 Hist.
770 1848 861 1889 crit.
892 1862 934 1901 p.
965 1848 1048 1888 201
1091 1844 1239 1897 scripsi
1278 1838 1362 1897 γὰρ
1398 1828 1477 1880 οὖν
1508 1841 1550 1892 *)

12 1923 13 1983 {
65 1934 142 1975 pro
173 1920 285 1960 edito
316 1911 369 1970 γ’
402 1911 459 1957 ἂν
489 1907 590 1968 οὗν,
631 1919 743 1972 quod
772 1923 947 1973 propter
975 1912 1302 1964 ἀκολουθήσεις
1331 1913 1436 1954 ferri
1466 1925 1550 1954 non

12 2008 14 2041 3
64 1995 218 2046 potest.
296 1991 358 2030 De
396 1990 608 2042 particulis
645 1986 729 2044 γὰρ
767 1978 849 2029 οὖν
888 1991 970 2032 vid.
1010 1991 1276 2031 Hermannus
1314 1986 1366 2027 ad
1403 1984 1549 2038 Viger.

65 2077 107 2117 p.
138 2063 222 2103 449
268 2065 310 2102 et
353 2062 580 2102 Elmsleius
624 2061 677 2101 ad
721 2061 933 2114 Euripidis
982 2061 1098 2102 Med.
1129 2059 1215 2100 804
1253 2060 1294 2100 9.
1367 2056 1550 2098 Easdem

67 2133 280 2187 coniungit
316 2133 559 2174 Herodotus
591 2132 608 2173 1
647 2133 703 2173 48
741 2137 783 2173 et
818 2132 1102 2187 Xenophanes
1139 2131 1251 2185 apud
1287 2128 1551 2171 Athenaeum

66 2205 127 2246 xl
155 2218 198 2259 p.
229 2204 313 2245 462
332 2204 373 2244 d.
781 2260 822 2300 H

259 2339 330 2383 ‘H
362 2339 539 2394 Μανία,
568 2339 673 2396 φέρ’
707 2338 921 2399 ὀξύβαφα
948 2343 1023 2384 καὶ
1054 2335 1314 2396 κανθάρους

262 2427 338 2468 καὶ
369 2424 447 2468 τὸν
475 2423 773 2483 ποδανιπτῆρ’
805 2427 993 2483 ἐγχέασα
1023 2423 1242 2476 θῦδατος.

179 2531 421 2572 Athenaeus
452 2532 528 2574 XV
558 2547 599 2586 p.
628 2534 713 2574 667
728 2533 769 2573 f:
808 2524 922 2583 αὕτη
965 2529 1017 2572 δ’
1047 2527 1104 2583 (ἡ
1135 2525 1340 2583 λακάνη)
1384 2508 1549 2577 ὕδατος

67 2598 334 2655 πληροῦται,
372 2600 514 2642 ἐπινεῖ
538 2616 581 2642 τε
611 2598 685 2644 ἐπ’
719 2599 854 2654 αὐτῆς
882 2599 1092 2658 ὀξύβαφα
1121 2598 1238 2656 κενά,
1269 2598 1348 2659 ἐφ’
1376 2597 1410 2642 ἁ“
1437 2597 1548 2656 βάλ-

164 2742 264 2784 ).V
290 2745 378 2778 Hist.
405 2744 480 2778 crit.
505 2756 538 2788 p.
564 2745 648 2783 200

138 2804 189 2848 ⁹⁸)
214 2804 309 2840 Idem
333 2816 426 2839 nnnc
450 2804 553 2841 video
577 2806 670 2852 apud
694 2805 897 2842 Dobraeum
921 2806 1067 2842 Advers.
1092 2807 1123 2841 11
1148 2819 1181 2854 p.
1205 2807 1290 2843 316.
