1716 3158
671 169 1031 214 ΔΑΙΤΑΛΕΙΣ.
1485 168 1598 219 1648

115 285 167 326 ad
208 283 328 336 mog.
367 282 547 337 Epistol.
593 284 636 326 in
674 285 845 327 Notices
891 290 934 327 et
975 285 1157 327 Extraits
1194 286 1233 327 X
1274 300 1315 340 p.
1344 287 1453 328 226:
1493 284 1594 328 οὐδ’

113 349 235 393 ἔστιν
264 346 392 409 αὐτῇ,
424 354 528 394 nihil
560 368 610 395 ex
639 355 706 395 his
735 357 887 409 placet,
917 357 1059 408 itaque
1089 356 1237 409 scripsi
1266 352 1422 414 αὐτῷ.
1480 359 1597 400 Male

111 424 368 466 Fritzschius
398 425 532 465 refert
547 439 587 478 p.
603 426 661 465 80
694 426 748 466 ad
775 427 963 466 habitum
996 431 1271 479 ornatumque
1299 429 1595 481 parasitorum,

112 508 218 547 quae
249 507 316 534 res
348 495 483 535 aliena
512 500 575 535 est
606 495 657 534 ab
688 495 856 548 antiqua
888 498 1129 536 comoedia:
1166 492 1282 554 αὐτῇ
1309 498 1413 538 ferri
1441 505 1596 552 posset,

109 566 143 606 si
174 565 477 614 ostenderetur,
513 565 700 605 mulieris
731 578 896 618 quoque
926 568 968 606 in
999 567 1077 606 hac
1107 567 1247 608 fabula
1267 574 1406 621 partes
1436 569 1594 612 fuisse:

108 637 302 688 equidem
333 634 471 675 refero
502 635 553 675 ad
584 636 714 676 filium
738 637 915 688 probum
948 642 990 676 et
1006 637 1216 688 pudicum,
1247 640 1318 690 qui
1351 646 1595 683 ornamenta

109 707 364 759 elegantiora
406 706 645 758 spernebat.
712 703 925 758 Στλεγγὶς
955 707 1065 747 enim
1094 706 1175 747 suit
1205 714 1493 750 ornamentum
1525 724 1621 752 ca·-

107 777 204 830 pitis
233 776 276 816 in
306 775 477 816 modum
508 789 700 826 coronae,
732 778 812 827 vel,
844 782 890 817 ut
919 779 1075 818 rectius
1092 778 1238 828 dicam,
1267 779 1590 822 instrumentum

106 846 236 896 illud,
289 859 369 898 quo
411 847 454 886 in
498 846 653 887 balneis
691 852 733 887 et
771 849 997 900 gymnasiis
1039 849 1091 888 ad
1133 854 1270 890 cutem
1312 836 1591 891 abradendam

106 918 350 965 utebantur,
396 918 562 957 solitum
605 922 668 956 est
699 923 782 958 tam
813 919 1028 971 eleganter
1054 921 1257 970 exornari,
1287 925 1334 960 ut
1363 934 1438 973 pro
1469 934 1591 962 orna-

104 993 246 1027 mento
275 986 419 1027 haberi
451 992 605 1040 posset,
636 988 747 1039 quod
778 989 946 1040 quidem
978 990 1118 1040 pueri,
1154 992 1223 1041 qui
1251 991 1465 1043 gymnasia
1495 990 1586 1031 fre·

106 1059 371 1110 quentabant,
401 1059 628 1111 gerebant,
660 1059 770 1110 quod
801 1064 897 1111 apte
927 1071 1021 1099 cum
1051 1059 1258 1117 ampulla,
1298 1072 1420 1112 quam
1460 1060 1590 1102 iidem

101 1130 273 1170 iuvenes
303 1131 518 1182 gerebant,
549 1129 743 1181 componi
774 1130 929 1182 potuit:
961 1129 1014 1168 de
1044 1124 1266 1180 στλεγγίδι
1297 1131 1377 1171 vid.
1396 1131 1583 1172 Boeckh.

104 1201 262 1241 Oecon.
293 1200 445 1241 Athen.
479 1201 517 1240 ll
548 1213 589 1253 p.
620 1201 704 1239 330
744 1205 785 1239 et
814 1201 867 1239 ad
899 1201 1061 1252 Corpus
1094 1201 1221 1241 Inscr.
1253 1202 1336 1243 vol.
1369 1201 1386 1241 l
1415 1215 1455 1254 p.
1487 1202 1586 1243 261.

103 1272 337 1322 Utrumque
376 1271 589 1310 coniunxit
628 1271 821 1323 Diphilus
862 1271 972 1349 apud
1005 1271 1219 1311 Pollucem
1250 1271 1287 1311 X
1318 1273 1397 1312 62:
1437 1269 1590 1324 στλεγ-

100 1338 236 1393 γίδες,
266 1339 342 1380 καὶ
373 1337 582 1390 ξυστίδας
612 1336 661 1379 δ’
696 1337 834 1387 αυτάς
864 1336 920 1379 ἂν
954 1354 1017 1388 τις
1047 1339 1187 1379 εἴποι·
1229 1337 1276 1380 ἔν
1305 1354 1348 1379 τε
1379 1338 1464 1395 yc'cp
1493 1340 1591 1390 ταῖς

95 1407 375 1465 Ἐπιχάρμου
413 1406 586 1459 Νησοις
627 1403 810 1464 εὕρηται
853 1408 1048 1463 τοίἴνομα
1089 1411 1165 1450 καὶ
1196 1407 1383 1465 Δίφιλός
1419 1424 1506 1451 που
1541 1410 1590 1452 ἐν

102 1479 361 1538 Κιθαρῳδῷ
399 1476 532 1535 ἀνδρὶ
563 1479 752 1535 εἴρηκεν·
792 1477 1078 1531 Ληκυθον
1118 1477 1314 1531 ξύστιν
1353 1494 1374 1520 τ
1432 1478 1588 1536 ἔχεις.

100 1567 206 1608 quae
237 1567 337 1594 sane
368 1554 422 1593 de
452 1554 634 1606 parasito
666 1554 807 1606 aliquo
839 1554 949 1593 dicta
979 1554 1197 1602 videntur,
1236 1553 1318 1592 vid.
1352 1553 1498 1594 Pollux
1529 1554 1588 1596 1V

101 1626 206 1666 120:
253 1624 354 1672 Τοῖς
392 1621 437 1662 δὲ
474 1618 741 1678 παρασίτοις
771 1618 981 1676 πρόσεστι
1010 1622 1086 1662 καὶ
1116 1621 1314 1675 στλεγγὶς
1352 1623 1426 1661 καὶ
1456 1619 1589 1672 λήκυ-

98 1695 186 1742 θος
217 1702 258 1734 et
292 1696 459 1735 Plautus
489 1695 530 1734 in
562 1695 704 1735 Sticho
737 1695 754 1734 Ι
785 1695 812 1733 3
842 1695 898 1734 76
929 1693 1053 1733 dixit:
1084 1695 1175 1742 „Ac
1212 1694 1586 1747 periuratiunculas

98 1767 353 1819 parasiticas,
374 1766 679 1817 Robiginosam⁴
700 1765 919 1818 strigilem,
954 1764 1179 1816 ampullam
1203 1765 1405 1813 rubidam,
1425 1766 1586 1806 Parasi-

98 1844 185 1878 tum
202 1836 405 1884 inanem'',
441 1836 537 1875 etin
559 1835 723 1875 Persal
754 1836 781 1874 3
811 1835 891 1874 43:
923 1835 1154 1886 „Cynicum
1167 1848 1258 1874 esse
1274 1841 1401 1886 gente
1417 1839 1586 1888 oportet

97 1909 323 1962 parasitum
354 1907 551 1960 probum,
583 1906 833 1958 Ampullam,
872 1905 1095 1957 strigilem,
1134 1906 1372 1958 scaphium,
1415 1918 1579 1954 soccos,

95 1980 265 2033 pallium
298 1977 557 2030 Marsupium
584 1977 776 2017 habeat.’'
845 1976 967 2016 Adde
994 1976 1142 2016 Cicero
1173 1978 1228 2017 de
1258 1975 1380 2017 Finn.
1412 1975 1471 2018 lv
1502 1976 1581 2016 122

96 2051 163 2099 „si
191 2050 243 2089 ad
271 2049 384 2089 illam
418 2048 564 2096 vitam,
603 2060 710 2099 quae
741 2060 834 2087 cum
871 2047 1023 2086 virtute
1054 2046 1251 2100 degatur,
1293 2046 1476 2100 ampulla
1512 2051 1584 2093 aut

97 2119 268 2172 strigilis
298 2118 509 2159 accedat.''

761 2207 892 2247 XXX.

354 2287 444 2330 Οὐδ
468 2287 476 2298 '
509 2286 688 2344 άργὺρι’
720 2288 816 2329 ἐστὶ
845 2288 1349 2342 κατακεκερματισμένα.

213 2403 358 2443 Pollux
390 2402 447 2441 lX
477 2402 560 2442 88:
599 2399 695 2440 Καὶ
723 2395 1192 2453 κατακεκερματίσθαι
1227 2401 1312 2453 μὲν
1342 2396 1416 2438 ἐπὶ
1444 2394 1580 2451 λόγου

95 2468 311 2520 Πλάτων,
355 2470 426 2510 ἐπὶ
470 2470 516 2510 δὲ
555 2466 766 2524 ἀργυρίου
801 2464 1138 2524 Ἀριστοφάνης
1182 2468 1229 2508 ἐν
1260 2465 1578 2509 Δαιταλεῦσιν·

99 2540 207 2582 Οὐδ’
247 2538 458 2596 ἀργύριόν
488 2540 581 2581 ἐστι
612 2539 1021 2595 κεκερματισμένον.
1082 2542 1143 2581 lta
1173 2541 1294 2581 codd.
1326 2545 1371 2580 ut
1401 2540 1579 2589 videtur,

95 2626 253 2663 omnes,
283 2619 326 2653 at
355 2613 507 2654 mirum
537 2617 602 2653 est
618 2613 834 2654 Pollucem
865 2612 917 2652 de
949 2614 1076 2653 verbo
1107 2612 1338 2664 composito
1369 2611 1578 2651 disseren-

97 2687 182 2725 tem
213 2684 411 2737 simplicis
441 2683 676 2736 exemplum
715 2696 766 2724 ex
794 2682 1074 2736 Aristophane
1115 2682 1282 2723 afferre.
1351 2681 1439 2722 lam
1476 2692 1577 2721 vero

97 2755 222 2806 supra
247 2755 323 2797 Vll
358 2755 441 2795 176
472 2753 597 2794 affert
626 2753 807 2795 eundem
836 2766 1024 2794 versum:
1058 2751 1151 2791 Καὶ
1180 2750 1230 2791 τὸ
1261 2746 1577 2791 καταλλάττειν

1208 2823 1262 2860 66
1293 2825 1312 2846 *
