1716 3164
687 161 900 207 ΙΧΘΥΣ.
1454 159 1544 200 719

63 285 142 338 τὰς
171 280 435 342 συγγραφὰς
464 279 548 336 γὰρ
579 279 665 320 τῶν
696 273 871 334 ἰχθύων
902 277 974 319 καὶ
1002 271 1278 326 Ἀθηναίων
1307 272 1434 314 ταυτὶ
1466 286 1546 313 πε-

66 357 259 411 ποίηκεν.
339 350 698 396 Ἀποδοῦναι
756 346 805 388 δ’
856 342 961 389 ὅσα
1021 343 1216 401 ἔχομεν
1275 342 1546 394 ἀλλήλων,

63 429 210 487 ἡμᾶς
246 429 345 484 μὲν
386 422 480 474 τὰς
523 419 802 479 Θρᾴττας,
845 418 935 460 καὶ
968 415 1065 468 τὴν
1099 413 1412 473 Ἀθερίνην
1451 413 1585 458 αῦ-κ

66 499 326 557 λητρίδα,
362 497 454 539 καὶ
486 493 705 546 Σηπίαν
734 488 830 542 τήν
865 485 1106 544 Θύρσου,
1137 490 1227 529 καὶ
1257 486 1386 537 τοὺς
1419 487 1548 543 Τρι-

66 572 246 630 γλίας,
287 570 376 612 καὶ
408 562 707 614 Εὐκλείδην
743 560 842 602 τὸν
870 558 1136 617 ἄρξαντα,
1178 560 1273 601 καὶ
1307 555 1548 613 Ἀναγυ-

69 641 379 703 ρουντόθεν
423 634 546 685 τοὺς
590 630 985 691 Κορακίωνας,
1032 632 1124 673 καὶ
1175 630 1405 685 Κωβιοῦ
1455 629 1550 671 τοῦ

70 709 431 769 Σαλαμινίου
460 705 642 750 τόκον,
683 706 774 747 καὶ
805 704 1105 760 Βάτραχον
1146 701 1240 744 τὸν
1273 698 1551 758 πάρεδρον

69 787 163 830 τὸν
199 785 253 838 ἐξ
290 779 511 837 Ὠρεοῦ.
586 783 757 821 Frustra
789 777 1210 831 Schweighaeuserus
1242 777 1347 816 haec
1377 776 1427 816 ad
1459 788 1550 815 cer-

69 866 151 900 tam
191 862 417 897 metrorum
455 853 631 894 formam
671 850 903 891 revocanda
947 863 1039 889 esse
1078 849 1244 889 statuit:
1292 861 1414 901 prosa
1457 860 1550 886 ora-

67 931 179 970 tione
221 929 418 981 scriptum
465 937 557 965 esse
595 923 747 963 foedus
787 921 891 962 illud
930 920 1107 960 indicavi
1137 920 1217 959 iam
1250 920 1348 960 olim
1381 920 1551 971 Quaest.

69 1015 180 1042 scen.
213 999 252 1039 ll
282 1012 323 1051 p.
353 997 422 1037 45.
483 995 658 1036 Nomina
689 995 773 1043 illa,
804 993 952 1045 quibus
982 992 1023 1031 in
1055 991 1248 1044 ambiguo
1278 991 1385 1030 ludit
1414 995 1551 1043 poeta,

70 1070 305 1114 maiusculis
334 1068 482 1108 litteris
514 1066 662 1118 scripsi
693 1066 805 1105 Hist.
838 1065 929 1104 crit.
962 1077 1001 1115 p.
1019 1062 1118 1103 205.
1179 1063 1298 1102 Fecit
1329 1062 1451 1102 etiam
1469 1061 1551 1101 Th.

70 1143 276 1196 Bergkius
308 1141 542 1196 Comment'.
560 1151 601 1190 p.
617 1138 714 1177 379.
778 1136 891 1176 Inter
929 1134 1130 1174 Thressas
1161 1135 1274 1182 istas,
1305 1147 1405 1186 quas
1424 1133 1552 1174 Athe-

72 1215 237 1255 nienses
257 1211 439 1265 piscibus
469 1222 515 1248 se
545 1208 781 1248 reddituros
800 1207 1065 1260 pollicentur,
1096 1205 1313 1257 probabile
1339 1210 1403 1244 est
1423 1203 1553 1243 fuisse

74 1286 198 1325 etiam
229 1288 402 1322 matrem
434 1279 709 1332 Cleophontis
740 1278 891 1328 (schol.
923 1276 1133 1329 Aristoph.
1160 1276 1400 1326 nammis),
1431 1287 1554 1327 quam

72 1355 192 1395 Plato
219 1365 384 1406 quoque
414 1352 596 1405 piscibus
627 1350 904 1390 devorandam
937 1352 1195 1401 exposuerat.
1221 1347 1438 1395 Atherine
1459 1346 1554 1386 tibi-

73 1426 162 1466 cina
201 1424 367 1464 aliunde
410 1436 490 1463 non
534 1421 711 1474 cognita.
773 1419 931 1472 Sepiae
973 1431 1123 1458 nomen
1165 1420 1275 1458 inter
1314 1417 1556 1458 meretrices

73 1498 171 1538 satis
203 1496 463 1536 nobilitatum
502 1493 654 1541 fuisse,
694 1492 817 1531 docet
847 1490 1093 1543 Antiphanis
1137 1491 1252 1530 lusus
1283 1491 1392 1543 apud
1423 1489 1556 1530 Athe-

72 1580 224 1609 naeum
256 1566 356 1608 Vlll
388 1580 428 1618 p.
461 1565 544 1605 338
563 1578 599 1604 e.
669 1563 789 1615 Quod
828 1563 938 1602 nist.
970 1563 1060 1602 crit.
1100 1562 1130 1602 l.
1163 1563 1188 1602 Ι.
1230 1562 1442 1611 dicebam,
1480 1562 1557 1602 Se-

74 1640 182 1692 piam
223 1638 275 1678 ab
314 1637 527 1689 Archippo
565 1639 929 1675 commemoratam
973 1635 1127 1687 Thyrsi
1168 1648 1250 1675 non
1288 1634 1440 1683 filiam,
1481 1632 1557 1674 sed

74 1722 245 1750 uxorem
275 1708 418 1758 fuisse,
445 1707 648 1759 Hesychii
679 1706 838 1759 glossas
868 1707 909 1746 in
942 1708 1078 1747 animo
1110 1706 1328 1753 habebam,
1364 1699 1555 1758 Θίρσος;

75 1775 266 1829 αὐλητὴς
297 1768 351 1829 ἦν
381 1777 567 1831 γυναῖκα
598 1773 706 1830 ἔχων
734 1772 939 1830 ἑταίραν,
973 1785 1015 1817 et
1051 1771 1227 1829 Θύρσου
1257 1770 1388 1828 γυνήε
1425 1771 1558 1831 Ἀρι-

75 1846 302 1905 στοᾳάνης
333 1845 527 1898 Νήοοις,
556 1842 608 1888 οὐ
641 1845 720 1887 τοῦ
750 1841 948 1897 αὐλητοῦ
976 1844 1286 1902 μνημονεύων,
1324 1841 1430 1886 ἀλλ’
1456 1842 1560 1887 ἀντὶ

74 1920 154 1962 τοῦ
185 1917 332 1976 φύλλα
362 1915 500 1961 εἰπεῖν
528 1919 604 1960 καὶ
633 1914 835 1967 κλάδους.
906 1920 967 1961 Ita
1008 1921 1117 1960 enim
1154 1920 1413 1973 corrigebam
1445 1919 1560 1960 codi-

75 1995 134 2035 cis
164 1994 388 2035 lectionem
409 1984 706 2048 Θυρσουκύνη.
748 1990 937 2031 Eandem
969 1992 1077 2032 viam
1106 1993 1319 2044 ingressus
1351 1997 1414 2031 est
1429 1992 1559 2044 Berg-

74 2066 166 2107 kius
194 2065 268 2107 1.1.
314 2067 431 2118 Quae
461 2068 693 2117 sequuntur
722 2063 849 2102 verba
878 2058 979 2110 τοὺς
1003 2059 1209 2116 Τριγλίας
1240 2076 1333 2103 cum
1348 2063 1560 2116 Schweig-

73 2138 304 2178 haeuserns
343 2135 562 2177 scribenda
598 2134 792 2174 videntur
829 2130 907 2181 τὰς
953 2130 1190 2188 Τριγλίδας
1229 2135 1295 2174 vel
1338 2131 1414 2182 τὰς
1455 2130 1556 2187 Τρί-

75 2205 204 2260 γλας,
243 2207 355 2260 quod
385 2206 586 2257 frequens
616 2204 882 2245 meretricum
923 2219 1074 2246 nomen
1114 2206 1208 2246 fuit.
1276 2207 1325 2246 V.
1357 2205 1561 2257 Antipha-

75 2292 172 2320 nem
216 2278 305 2318 1.1.
377 2277 467 2317 Nec
507 2281 646 2315 tamen
690 2276 970 2328 improbabile
1012 2282 1074 2316 est
1121 2277 1245 2315 etiam
1286 2276 1365 2322 ,viri
1411 2289 1560 2316 nomen

76 2348 210 2388 fuisse
245 2343 466 2400 Τριγλίας.
536 2345 580 2384 ln
614 2346 802 2385 Euclidis
842 2347 1031 2395 nomine,
1074 2345 1143 2397 qui
1176 2346 1341 2399 Olymp.
1372 2345 1562 2388 xc1v*3

78 2419 231 2459 archon
263 2429 492 2471 eponymus
521 2414 681 2465 fuerat,
720 2417 783 2455 vix
815 2422 929 2456 recte
968 2417 1018 2457 ad
1060 2413 1246 2467 κλεῖδας,
1285 2419 1394 2458 inter
1431 2419 1561 2459 salsa-

77 2494 216 2529 menta
242 2493 491 2529 memoratas
522 2487 704 2537 (Athen.
738 2488 815 2529 Vll
846 2502 886 2541 p.
918 2489 1002 2528 3⁰3
1019 2490 1087 2540 a),
1119 2489 1294 2529 anasum
1327 2502 1420 2529 esse
1450 2489 1561 2530 arbi-

77 2564 252 2601 trantur.
293 2561 393 2602 Mox
425 2553 716 2612 Κορακίωνας
752 2560 899 2612 scripsi
928 2566 1158 2614 praeeunte
1189 2561 1368 2613 Bergkio
1400 2574 1476 2614 pro
1510 2573 1560 2601 eo

0 2655 1 2658 =
76 2631 187 2684 quod
218 2645 268 2672 ex
299 2632 332 2672 C
363 2635 574 2671 enotatum
606 2634 670 2669 est
699 2629 983 2683 κορακιιῦνας.
1028 2633 1170 2673 Ceteri
1200 2632 1292 2672 libri
1321 2629 1562 2685 κορακιῶν-

0 2726 1 2730 =
76 2714 169 2749 τας.
240 2701 492 2742 Coruo-iones
523 2700 768 2742 casaubono
807 2701 963 2744 fratres
999 2703 1131 2744 fuisse
1159 2704 1353 2744 videntur
1395 2708 1466 2744 aut
1494 2716 1563 2744 so-

0 2774 1 2777 ’
32 2804 36 2807 .
77 2772 192 2815 dales
229 2785 279 2814 ex
309 2774 580 2827 Anagyrunte
616 2785 751 2826 pago,
792 2774 942 2826 quibus
979 2787 1132 2816 nomeu
1172 2788 1195 2815 a
1226 2774 1456 2829 piscatione
1492 2779 1563 2815 aut
