1716 3164
191 294 333 353 φάνης
372 289 516 341 Ούτην
545 290 686 344 μέλλει
715 289 804 332 κτλ.
863 292 1097 332 Meinelxius
1128 292 1165 331 11
1198 292 1218 330 1
1251 301 1290 344 p.
1308 292 1364 332 4⁰
1393 297 1435 333 et
1464 294 1637 335 Dindor-

190 370 269 407 fius
311 365 598 405 coniecerunt.
647 357 809 400 Θύειν
837 374 901 413 με
937 359 1080 413 μέλλει
1107 359 1181 399 καὶ
1217 356 1371 400 κελεύει
1399 360 1459 413 βῆ
1487 362 1635 415 λε’)ειν.

192 438 282 488 Ego
326 433 542 485 aliquando
588 432 815 483 suspicatus
844 443 933 471 sum
962 431 1180 484 legendum
1211 443 1322 471 esse.
1349 425 1411 470 A
1420 431 1644 485 τημελει
1697 395 1716 554 1

193 503 397 557 μουῗκαὶ
426 495 584 542 κελεύει
613 499 670 553 βῆ
700 498 848 552 λέγειν.

188 187 298 231 ιωε
708 180 1116 223 AmsroPn-fflxs
1621 0 1716 229 Ὗ

1701 225 1716 357 3

1700 341 1716 401 3

853 599 1001 642 cvm.
1706 583 1716 644 3

302 686 504 726 Athenaei
535 686 714 738 epitome
746 685 761 724 l
792 697 831 736 p.
850 684 905 723 30
925 684 982 723 Β.
1010 679 1187 723 Γίνεται
1216 680 1261 722 δὲ
1289 680 1335 722 ἐν
1360 678 1527 738 Ἰκάρῳ,
1557 697 1639 737 φη·
1710 676 1716 728 3

196 753 269 794 σιν
294 749 573 807 Ἐπαρχίδης,
603 750 627 792 ὁ
657 748 897 806 Πράμνιος.
941 747 1033 790 ἔστι
1061 749 1107 790 δὲ
1136 743 1262 800 οὗτος
1289 752 1409 805 γένος
1437 765 1479 793 τι
1507 751 1640 793 οἷἰου.
1709 741 1716 793 3

193 822 268 863 καὶ
295 820 413 863 ἔστιν
442 822 492 862 οὑ
497 837 566 870 τος
596 818 694 861 οὔτε
723 817 876 873 γλικύς
905 815 1002 859 ου’τε
1031 818 1182 874 παχύς,
1212 818 1311 860 ἀλλ’
1327 818 1540 874 αὐστηρὸς
1569 820 1642 860 καὶ
1714 822 1716 837 ³

195 889 379 945 σκληρὸς
407 890 480 931 καὶ
511 890 697 943 δύναμιν
726 886 832 942 ἔχων
860 887 1176 942 διαφέρουσαν,
1214 885 1290 930 οι’ω
1316 884 1643 943 Ἀριστοφάνης
1714 885 1716 887 ’

197 958 272 1014 οὐχ
309 954 503 1010 ἥδεσθαι
539 957 819 1008 Ἀθηναίους
858 957 967 1011 φησὶ
1005 957 1139 1010 λέγων
1183 956 1275 998 τὸν
1318 954 1643 1007 Ἀθηναίων

198 1029 378 1083 δῆμον
435 1026 556 1069 οὕτε
614 1026 872 1077 ποιηταῖς
921 1019 1174 1076 ἥδεσθαι
1230 1026 1492 1081 σκληροῖς
1551 1027 1640 1066 καὶ

199 1097 539 1154 ἀστεμφέσιν
576 1093 694 1137 οὕτε
733 1093 1046 1150 Πραμνίοις
1090 1095 1420 1152 σκληροῖσιν
1464 1094 1642 1143 οἴνοις

202 1167 506 1221 συνάγουσι
551 1164 648 1214 τὰς
691 1161 855 1220 ὀφρῦς
886 1178 934 1205 τε
971 1165 1064 1205 καὶ
1103 1163 1200 1215 τὴν
1241 1162 1484 1212 κοιλίαν,
1527 1159 1641 1202 ἀλλ’

201 1235 486 1292 ἀνθοσμίᾳ
517 1236 606 1276 καὶ
635 1235 832 1275 πέπονι
862 1235 1314 1288 νεκταροσταγεῖ.
1374 1234 1419 1274 In
1449 1239 1641 1274 tetrame-

201 1315 286 1351 tros
315 1309 544 1349 trochaicus
573 1306 715 1358 redegi
744 1317 867 1358 supra
895 1305 945 1344 ad
976 1304 1277 1358 Thesmophor.
1309 1304 1347 1344 Π
1377 1304 1445 1343 Fr.
1478 1303 1530 1343 ΙΙ.

866 1404 973 1444 CIX.

309 1488 510 1530 Athenaei
551 1488 729 1539 epitome
757 1486 1027 1538 xlp.1127
1069 1486 1132 1526 ed.
1163 1486 1305 1526 Dind.:
1339 1481 1560 1524 Ἐκαλεῖτο
1597 1480 1643 1521 δὲ

201 1558 275 1598 καὶ
311 1555 361 1597 τὸ
401 1553 614 1608 ἑταιρικὸν
647 1549 1019 1607 συνευωχούμενον
1047 1550 1314 1633 c’pdlotnowv.
1369 1548 1641 1631 Ἀριστοφά-

201 1641 277 1677 νης
308 1619 624 1671 ζΕπτοὲπους
661 1623 790 1676 γοῦν
826 1618 853 1671 ἡ
893 1618 1018 1662 σκιά
1053 1621 1189 1663 ’στιν
1226 1638 1252 1672 η
1283 1619 1360 1663 ’πὶ
1399 1619 1461 1662 τὸ
1492 1620 1640 1661 δεῖπ-

201 1707 313 1736 νον·
354 1691 418 1741 ὥς
446 1689 546 1743 ἤδη
578 1692 735 1733 καλεῖ
754 1707 787 1745 μ
836 1688 859 1731 6
884 1690 1046 1745 χορὸς
1083 1688 1106 1732 ὁ
1136 1689 1474 1745 φιλοτησιος.
1530 1692 1641 1731 Libri

198 1762 337 1820 χρὸος,
369 1765 477 1817 quod
509 1764 739 1804 emendavit
769 1763 1047 1803 Casaubonus.
1106 1763 1255 1803 Nescio
1285 1777 1334 1804 an
1363 1765 1420 1804 ita
1447 1763 1562 1802 locus
1590 1762 1643 1801 sit

203 1834 525 1876 constituendas:

282 1897 531 1947 Ἐπτάπους
560 1897 665 1952 γοῦν
698 1895 722 1948 ἡ
754 1884 854 1938 σκιά
874 1894 1012 1938 ’σι-ιν·
1070 1903 1089 1923 *
1147 1903 1164 1923 *
1223 1902 1242 1922 *
1303 1903 1320 1923 *
1376 1902 1394 1925 *
1452 1902 1469 1922 *

286 1969 356 2010 ἐπὶ
387 1968 435 2009 τὸ
464 1968 639 2009 δεῖπνον
665 1965 721 2015 ὠς
749 1967 873 2008 καλεῖ
898 1963 951 2017 δή
980 1963 1032 2020 μ’
1065 1963 1087 2006 6
1112 1965 1241 2022 χορὸς
1270 1965 1294 2008 6
1324 1963 1587 2022 φιλοτήσιος.

205 2040 378 2083 Videtur
408 2043 541 2079 autem
572 2039 641 2078 hic
669 2039 781 2079 locus
811 2039 860 2079 ad
878 2038 1142 2078 Daetalenses
1170 2040 1400 2091 pertinere:
1430 2035 1530 2078 σκιὰ
1558 2038 1643 2079 for-

207 2114 314 2150 tasse
344 2121 392 2148 ex
421 2109 501 2147 hoc
529 2109 620 2148 loco
651 2113 856 2160 sumptum
889 2107 1081 2159 explicuit
1110 2106 1353 2160 Hesychius.

885 2207 970 2248 CX.
1715 2223 1716 2254 3

318 2292 517 2333 Aristides
548 2292 566 2332 1
595 2305 635 2344 p.
665 2292 720 2331 87
753 2291 828 2330 10:
850 2283 911 2328 ‘¹0
942 2287 988 2329 δέ
1017 2301 1154 2343 φησιν
1180 2281 1503 2343 Ἀριστοφάνης
1531 2285 1646 2340 περὶ

207 2356 496 2413 Αἰσχύλου
534 2356 729 2400 σκότον
760 2350 910 2398 εἶναι
948 2354 1314 2408 τεθνηκότος,
1364 2351 1484 2397 τοῦτ’
1525 2351 1647 2405 ἄξιον

208 2429 281 2469 καὶ
318 2430 413 2483 περὶ
450 2425 605 2468 τούτου
640 2423 968 2479 (Ἀλεξάνδρου
1001 2426 1080 2468 τοῦ
1115 2428 1369 2480 Κοτυαέως)
1403 2423 1483 2465 νῦν
1515 2418 1648 2464 εἰπεῖν
1708 2473 1710 2477 V

210 2493 267 2545 εἷς
296 2496 494 2546 παιδείας
524 2496 665 2550 λόγον,
731 2498 965 2537 Dindorfius
1009 2500 1273 2550 probabiliter
1309 2498 1360 2536 ad
1401 2495 1646 2548 Gerytadem

209 2567 350 2607 refert..

880 2623 948 2662 CX
958 2623 987 2662 l.

322 2702 564 2743 Plutarchus
595 2706 634 2743 in
666 2705 744 2743 vita
774 2704 917 2743 decem
946 2708 1152 2746 oratorum
1184 2718 1222 2756 p.
1252 2702 1334 2748 836
1363 2700 1424 2739 E:
1450 2692 1650 2749 Ἶσθκρᾶ-
1706 2710 1707 2733 ³
