1716 3164
646 187 737 230 HA
747 187 1025 230 ΥΧΑΡΗΣ.
1489 190 1574 231 797

204 307 413 361 Diogenes
445 306 583 346 Laert.
619 305 680 345 111
711 305 792 345 26:
837 298 1102 357 Θεόπομπος
1139 301 1186 343 ἐν
1219 298 1467 361 Ἠδυχάρει
1489 301 1576 347 εἘν

89 373 172 433 γάρ
201 376 292 419 κτλ.
350 377 511 418 Eadem
540 376 668 416 habet
686 376 922 428 Hesychius
945 377 1138 417 Milesius
1151 376 1280 429 p.46.
1313 379 1389 419 sed
1419 379 1575 420 omisso

7 474 11 489 ι
87 448 255 490 fabulae
284 449 423 489 titulo.
463 447 647 488 Platonis
678 459 802 499 quem
833 446 1002 499 respicit
1032 446 1150 487 locus
1170 451 1236 486 est
1252 447 1411 490 Phaed.
1427 450 1574 500 §1⁰4-

86 516 164 560 οὐκ
192 516 467 573 αποδέχομαι
496 514 691 571 ἐμαυτοῦ
718 511 820 556 οὐδὲ
848 511 931 567 ὥς,
971 513 1153 556 ἐπειδάν
1191 513 1255 556 ἑνί
1291 531 1359 566 τις
1388 517 1578 578 προσθῇ

87 587 154 641 ἕν,
194 587 223 640 η’
253 587 302 631 τὸ
334 588 399 641 ἕν,
438 588 470 645 ‘P
500 585 776 643 προσετέθη,
817 581 898 626 δύο
936 586 1133 640 γέγονεν,
1173 582 1203 638 ἢ
1232 585 1283 628 τὸ
1323 590 1576 644 προστεθὲν

87 661 163 702 καὶ
194 653 227 719 ᾧ
258 659 551 716 προσετέθη,
574 654 650 698 διὰ
679 655 762 709 τὴν
791 654 1045 712 πρόσθεσιν
1074 655 1154 698 τοῦ
1181 654 1330 715 ἑτέρου
1359 657 1418 717 τῷ
1446 657 1576 718 ἑτέρω

88 729 168 773 δύο
206 731 387 786 ἐγένετο.
457 732 594 773 Versu
632 730 815 772 secundo
858 730 1030 772 Grotius
1061 731 1282 784 Excerptis
1319 745 1360 784 p.
1390 702 1476 773 ‘553
1512 730 1571 772 τώ

89 800 182 846 δίο.
215 805 328 845 Idem
353 802 480 842 latine
511 804 722 844 transtulit
751 803 832 843 sic:
870 816 1051 857 namque
1074 815 1203 844 unum
1228 803 1431 855 estnihil,
1455 802 1462 859 J
1490 805 1574 847 duo

86 889 183 918 vero
212 877 286 916 vis
312 879 411 915 sunt
441 887 569 914 unum
584 889 601 923 ;
628 875 693 915 sic
724 874 870 914 dictat
900 873 1041 915 Plato.

791 987 866 1028 ΙΙΙ.

695 1069 808 1127 Φέρε
842 1068 899 1112 σύ
929 1068 985 1111 τὰ
1014 1068 1342 1127 καταχύσματα

276 1158 438 1214 ταχέως
467 1151 647 1212 κατάχει
670 1156 750 1198 τοῦ
780 1154 981 1213 νυμφίου
1009 1157 1086 1198 καὶ
1115 1157 1193 1209 τῆς
1221 1155 1367 1215 κόρης.

279 1243 337 1288 Β.
367 1233 415 1284 εὗ
444 1239 565 1284 πάνυ
594 1242 742 1297 λέγεις.

196 1359 434 1400 Scholiasta
466 1358 759 1412 Aristophanis
792 1359 903 1399 Plut.
932 1359 1038 1400 768:
1076 1353 1224 1407 ἁπλαῖς
1262 1355 1351 1398 τῶν
1389 1352 1463 1412 ἐφ’
1504 1347 1570 1398 ὦν

82 1423 389 1470 οἰωνίσασθαί
426 1443 470 1469 τι
514 1424 700 1482 ἀγαθὸν
736 1419 997 1481 ἐβούλοντο,
1039 1424 1098 1478 ὠς
1136 1430 1213 1470 καὶ
1247 1427 1320 1470 ἐπὶ
1353 1427 1431 1470 τοῦ
1461 1441 1568 1483 νυμ-

81 1500 212 1555 φίου,
252 1500 349 1556 περὶ
379 1497 461 1551 τὴν
490 1496 643 1540 ἑστίαν
673 1497 728 1540 τὰ
759 1495 1027 1556 τραγήματα
1056 1501 1261 1556 κατέχεον
1291 1495 1352 1550 εἰς
1382 1501 1569 1556 σημεῖον

79 1567 308 1627 εὐπορίας·
344 1567 403 1620 ὠς
431 1571 508 1612 καὶ
542 1568 809 1626 Θεόπομπός
838 1585 980 1627 φησιν
1006 1569 1056 1611 έν
1081 1568 1333 1628 Ἠδυχάρει
1367 1571 1488 1628 Φέρε
1512 1570 1568 1615 σὺ

78 1643 169 1686 κτλ.
227 1645 387 1686 Eadem
417 1644 565 1686 Suidas
595 1658 627 1686 s.
654 1659 691 1686 v.
723 1640 1060 1699 καταχύσματα,
1091 1646 1172 1686 nisi
1203 1646 1316 1699 quod
1345 1641 1569 1701 εὐετηρίας

82 1717 210 1758 habet
247 1730 323 1770 pro
363 1710 596 1770 εὐπορίας,
637 1721 680 1757 et
709 1717 978 1772 Theopompi
1014 1718 1297 1772 fragmentum
1341 1720 1479 1760 verbis
1518 1706 1568 1759 εὖ

82 1783 200 1828 πάνυ
227 1784 363 1839 λέγεις
393 1794 558 1828 auctum
589 1788 734 1838 affert,
778 1803 885 1842 quae
925 1796 1065 1830 utrum
1098 1789 1363 1842 Theopompi
1402 1790 1485 1830 sint
1514 1804 1568 1833 an

81 1873 132 1901 ex
160 1859 450 1913 Aristophanis
481 1871 604 1899 versu
633 1860 719 1899 800
749 1860 997 1913 irrepserint
1035 1860 1148 1900 haud
1187 1873 1264 1913 pro
1302 1866 1417 1902 certo
1448 1862 1566 1903 affir-

79 1932 292 1972 maverim.
360 1931 559 1971 Ceterum
590 1929 644 1970 ad
674 1930 941 1984 Theopompi
971 1933 1110 1973 iocum
1140 1938 1416 1984 respexerunt
1451 1934 1565 1975 Pho-

78 2003 162 2043 tius
192 2003 293 2043 Lex.
323 2015 365 2056 p.
398 2001 481 2041 145
513 2002 592 2041 10:
629 1999 851 2054 κατεχεῖτο
890 2001 937 2041 δὲ
975 1998 1062 2054 (τὰ
1090 1997 1447 2057 καταχύσματα)
1489 2004 1566 2045 καὶ

43 2101 47 2104 «
71 2068 166 2113 ’τῶν
192 2068 412 2128 νυμφίων,
440 2067 597 2127 φασίν,
624 2066 684 2120 ὠς
718 2066 996 2127 Θεόπομπος,
1027 2078 1070 2115 et
1098 2075 1376 2128 Harpocratio
1406 2090 1448 2130 p.
1466 2077 1564 2128 108,

78 2145 129 2187 7:
186 2136 257 2186 ὅτι
295 2141 385 2184 τῶν
421 2138 651 2194 νεωνήτων
693 2142 737 2184 οἱ
782 2139 998 2185 δεσπόται
1047 2141 1313 2202 τραγήματα
1359 2146 1566 2201 κατέχεον

73 2210 407 2272 Ἀριστοφάνης
435 2213 483 2256 ἐν
511 2210 703 2272 Πλούτῳ
733 2212 873 2266 δηλοῖ.
911 2208 982 2256 ὅτι
1013 2214 1060 2258 δὲ
1089 2217 1166 2258 καὶ
1198 2215 1287 2258 τῶν
1316 2212 1406 2258 ἀπὸ
1437 2218 1560 2259 θεω-

77 2282 175 2342 ρίας
202 2286 278 2328 καὶ
305 2285 394 2327 τῶν
422 2284 642 2343 νυμφίων,
670 2282 730 2335 ὠς
762 2282 1029 2342 Θεόπομπος
1052 2284 1318 2344 Ἠδυχάρει.

781 2402 852 2444 IV.

191 2485 429 2528 Athenaeus
466 2486 544 2529 XV
586 2500 629 2540 p.
660 2487 803 2528 6902:
848 2483 1117 2542 μνημονεύει
1167 2484 1248 2529 τοῦ
1296 2483 1562 2543 μυροπώλου

75 2551 258 2606 τούτου,
302 2554 383 2598 τοῦ
424 2555 658 2613 Πέρωνος,
703 2558 779 2599 καὶ
827 2554 1093 2615 Θεόπομπος
1137 2558 1184 2601 ἐν
1222 2555 1441 2617 Ἀδμήτῳ
1480 2559 1558 2601 καὶ

71 2623 319 2685 Ἡδυχάρει.
