1716 3164
625 138 826 183 ‹1›JAO(·)
838 134 1022 184 ΥΤΗΣ.
1479 141 1563 183 757

79 257 186 312 sippi
223 258 316 299 loco
355 256 458 298 hocz
499 247 648 310 ὥσπερ
685 254 734 296 αἱ
771 253 998 313 κωμῳδίαι
1039 248 1437 308 ἐπιγράμματα
1478 267 1562 306 γε-

78 327 204 369 zora
234 326 466 384 ([έρουσιν,
497 321 529 366 δι’
555 323 665 367 καθ’
703 323 839 367 εἀυττὶ
866 326 949 380 μέν
976 325 1069 367 ἐστι
1099 323 1273 381 φαῦλα,
1305 319 1363 382 τῷ
1391 323 1438 365 δὲ
1468 318 1558 382 ὅλῳ

76 395 294 454 ποιήματι
328 395 461 454 χάριν
503 395 604 438 τινὰ
642 395 973 452 προστίθησιν·
1013 390 1150 445 οὕτως
1185 394 1363 452 ψέξειας
1393 391 1450 435 ἒέν
1478 392 1560 437 αὐ-

76 466 161 521 τὴν
189 467 266 525 ἐφ’
295 467 452 521 ἑαυτῆς
489 461 572 520 τὴν
608 465 793 517 κακίαν,
827 466 919 515 τοῖς
956 465 1001 507 δὲ
1042 464 1194 516 ἄλλοις
1234 464 1314 507 οὐκ
1345 462 1563 524 ἄχρηστός

73 539 206 591 ἐστιν,
245 543 288 584 ἰη
331 543 599 596 sequentibus
639 542 732 581 loco
773 535 1107 593 ἐπίγραμματος
1147 540 1324 592 episodii
1356 541 1560 580 vocabulo

73 626 174 656 usus
212 618 290 656 est.
357 614 440 656 Sed
470 614 560 666 ipsa
590 611 804 665 scriptoris
834 612 961 652 verba
991 610 1242 665 apponenda
1283 614 1405 650 suntz
1442 608 1560 663 πρῶ-

74 696 156 724 τον
189 685 271 738 μὲν
304 673 406 735 οὗν,
444 683 603 736 inquit,
642 679 724 732 τὴν
759 677 920 722 κακίαν
949 681 1176 735 γεγονέναι
1220 677 1336 721 κατὰ
1367 677 1450 731 τὴν
1478 679 1560 721 τοῦ

74 752 192 796 θεοῦ
227 749 463 809 πρόνοιαν,
502 745 650 807 ὥσπερ
680 748 732 792 τὸ
760 750 938 808 φαῦλον
975 748 1234 807 ἐπίγραμμα
1265 750 1413 804 γέγονε
1442 748 1558 792 κατὰ

75 822 156 876 τὴν
184 823 264 866 τοῦ
291 823 478 876 ποιητοῦ
507 820 746 877 βούλησιν,
784 821 938 865 πᾶσαν
974 821 1178 866 ἐπίνοιαν
1205 819 1398 872 τὲτοπίας
1426 818 1556 879 ὑπερ-

73 893 239 950 βάλλει.
272 893 508 937 -ἔπειτα
538 894 584 936 δὲ
615 892 672 935 τὸ
702 895 806 949 μὲν
834 893 1054 950 φαῦλον
1090 891 1428 950 έπίγοαιιμα
1459 892 1559 945 τὴν

69 963 361 1024 κωμῳδίαν
417 966 617 1021 κοσμεῖ
666 965 761 1007 καὶ
812 966 1074 1021 συνεργεῖ
1110 963 1244 1020 πρὸς
1289 963 1352 1005 τὸ
1401 964 1558 1014 τέλος

71 1033 270 1089 αὐτῆς,
306 1036 538 1095 ἐφιεμένης
575 1035 656 1078 τοῦ
696 1033 870 1091 γε2οίου
906 1032 935 1088 ἡ
963 1036 1279 1092 κεχαρισμένου
1315 1037 1406 1084 τοῖς
1436 1035 1558 1076 θεα-

69 1109 190 1158 ταῖς·
233 1106 257 1150 ὁ
295 1108 342 1150 δὲ
379 1108 580 1167 πατρῶος
617 1109 694 1150 καὶ
732 1102 901 1157 ὕπατος
939 1109 1016 1150 καὶ
1054 1105 1293 1162 θεμίστιος
1336 1104 1444 1157 Ζεὺς
1481 1107 1558 1149 καὶ

70 1177 400 1237 ἀριστοτέχνας,
440 1177 554 1221 κατὰ
584 1176 843 1236 Πίνδαρον,
880 1176 933 1221 οὐ
970 1178 1120 1236 δρᾶμα
1161 1175 1306 1233 δήπου
1334 1178 1450 1233 μέγα
1479 1180 1556 1221 καὶ

72 1249 273 1294 ποικίλον
318 1251 394 1293 καὶ
441 1250 705 1307 πρλυπαθὲς
756 1250 1035 1308 δημιουργῶν
1080 1249 1160 1293 τὸν
1202 1247 1393 1305 κόσμον,
1442 1246 1558 1292 ἀλλὰ

69 1322 193 1364 θεῶν
221 1323 299 1364 καὶ
325 1319 584 1377 ἀνθρώπων
611 1318 726 1363 ἄστυ
753 1319 916 1372 κοινόν,
942 1350 998 1357 —-
1022 1321 1066 1364 τί
1097 1319 1205 1378 πρὸς
1236 1320 1285 1363 τὸ
1318 1318 1556 1365 κάλλιστον

67 1392 199 1436 τοῦτο
220 1395 296 1436 καὶ
326 1390 600 1448 σεμνότατον
630 1392 751 1442 τέλος
781 1392 920 1436 ἐδεῖτο
950 1392 1124 1452 λῃστῶν
1152 1394 1227 1434 καὶ
1259 1389 1553 1449 ἀνδροφόνων

67 1466 145 1507 καὶ
174 1462 486 1522 πατροκτόνων
513 1465 590 1506 καὶ
619 1461 867 1522 τυράννωνς
904 1461 957 1506 οὐ
988 1463 1071 1521 γὰρ
1100 1461 1199 1516 ἡὸὐ
1231 1462 1289 1523 τῷ
1319 1462 1433 1521 θείῳ
1462 1465 1553 1508 καὶ

67 1535 286 1592 κομψὸν
314 1533 341 1589 ἡ
370 1533 501 1578 κακία
525 1535 700 1590 γέγονεν
727 1533 1080 1587 ἐπεισόδιον,
1111 1531 1212 1579 οὐδὲ
1244 1532 1324 1578 δι’
1357 1533 1551 1592 εὐτρα-

70 1608 292 1651 πέλειαν
335 1606 363 1660 ἡ
408 1604 558 1649 ἀδικία
614 1608 708 1649 καὶ
764 1607 975 1662 γέλωτα
1033 1607 1130 1649 καὶ
1195 1604 1553 1662 βωμολοχίαν

71 1679 515 1736 προστέτριπται
559 1680 682 1729 τοῖς
724 1675 1059 1736 πράγμασιν.
1094 1705 1144 1711 -
1178 1675 1243 1718 ἔτι
1292 1677 1337 1719 δὲ
1376 1676 1426 1719 τὸ
1469 1681 1552 1733 μὲν

69 1750 244 1808 ᾳαῦλον
271 1749 526 1808 ἐπίγραμμα
557 1749 636 1792 τοῦ
666 1765 913 1805 ποιηιιατος
937 1745 1321 1803 πο22οστηιιόριόν
1349 1749 1442 1791 ἐστι
1472 1750 1549 1790 καὶ

67 1820 226 1878 μικρὸν
254 1821 394 1876 ἐπέχει
423 1818 711 1863 παντάπασιν
739 1821 787 1863 ἐν
816 1821 870 1880 τῆ
897 1819 1109 1880 κωμωὸίιι
1133 1834 1296 1876 χωρον·
1335 1821 1410 1862 καὶ
1451 1817 1549 1861 οὔτε

68 1890 290 1944 πλεονάζει
334 1891 388 1934 τὰ
415 1892 600 1934 τοιαῦτα
632 1889 730 1934 οὔτε
762 1892 850 1934 ταῖν
878 1883 926 1935 εὗ
957 1907 1000 1934 τι
1030 1892 1267 1934 ποιεῖσθαι
1298 1888 1549 1935 δοκούντων

66 1960 285 2006 ἀπό2λυσι
322 1964 396 2005 καὶ
433 1961 616 2018 λυμαινε
622 1978 694 2006 ται
732 1977 813 2016 την
846 1960 991 2020 χάριν.
1062 1966 1205 2007 Facile
1242 1965 1333 2017 quis
1373 1966 1416 2008 in
1456 1962 1575 2005 eam¹

29 2035 32 2038 ’
68 2038 206 2080 delabi
235 2038 369 2091 possit
405 2038 668 2087 sententiam,
697 2042 743 2079 ut
772 2038 987 2090 parabasin
1018 2037 1085 2078 his
1117 2036 1253 2076 verbis
1295 2036 1474 2076 describi
1503 2036 1546 2076 in

69 2110 248 2150 animum
277 2109 469 2161 inducat3
499 2110 574 2150 sed
592 2109 822 2149 accuratius
841 2109 909 2162 qui
932 2110 1057 2149 verba
1075 2107 1380 2160 contemplatus
1401 2107 1546 2156 fuerit,

70 2181 302 2235 episodium
346 2182 433 2221 sive
478 2181 731 2234 epigramma
776 2180 983 2234 quoddam
1031 2181 1148 2233 quasi
1187 2179 1378 2219 exodium
1416 2177 1546 2222 fuisse

67 2252 287 2304 intelliget,
326 2264 409 2291 non
446 2251 526 2290 alio
557 2251 635 2291 nisi
672 2252 781 2292 risus
813 2252 1004 2304 captandi
1033 2251 1203 2291 consilio
1236 2250 1401 2293 fabulae
1432 2249 1545 2289 adie-

70 2328 205 2372 ctum,
237 2334 372 2373 neque
403 2323 639 2361 necessario
671 2334 764 2361 cum
794 2323 955 2373 reliqua
984 2323 1148 2360 actione
1178 2321 1341 2359 vinculo
1373 2320 1545 2360 coniun-

68 2398 192 2434 ctum.
265 2392 340 2432 cn·
371 2390 670 2430 Grammaticus
709 2392 838 2431 Bekk.
871 2393 1028 2432 Aneod.
1060 2405 1099 2443 p.
1131 2390 1214 2430 253
1255 2391 1331 2430 19:
1370 2384 1545 2429 ἐπεισό-

69 2461 168 2503 διον
202 2457 360 2517 κυρίως
397 2463 478 2515 μεν
514 2459 564 2502 τὸ
594 2460 642 2501 ἐν
669 2460 723 2519 τῇ
752 2458 961 2517 κωμῳδίᾳ
999 2457 1317 2515 ἐπιφερόμενον
1346 2458 1405 2516 τῷ
1433 2455 1544 2515 δρά-

64 2546 176 2589 ματι
211 2532 396 2585 γέ2ωτος
421 2528 552 2587 χάριν
587 2529 668 2587 ἔξω
698 2531 775 2582 τῆς
805 2529 1077 2582 ὑποθέσεως,
1107 2529 1464 2586 καταχρηστικῶς
1493 2528 1543 2571 δὲ

67 2601 215 2654 ἁπλαῖς
243 2600 295 2644 τὸ
323 2599 560 2657 ἐξαγώνιον
589 2602 785 2658 πρᾶγμα.
845 2605 1002 2658 Quibus
1033 2603 1183 2644 similia
1211 2604 1335 2644 habet
1355 2603 1540 2656 Etymol.

35 2677 131 2720 ·M.
159 2691 202 2731 p.
231 2677 315 2717 356
343 2678 413 2718 28.
479 2680 616 2730 Atque
656 2677 754 2718 hinc
792 2681 855 2717 est
895 2676 1006 2730 quod
1037 2676 1281 2728 Metagenes
1321 2687 1543 2728 argumen-

71 2751 157 2792 tum
185 2748 366 2800 fabuhe,
398 2744 475 2790 τὸν
503 2744 658 2801 λόγον,
688 2762 734 2791 se
766 2753 926 2791 mutare
957 2747 1056 2789 dicit
1084 2747 1125 2790 in
1157 2747 1356 2802 episodio.
1415 2747 1542 2788 Prae-
