1716 3164
249 179 331 220 960
774 176 1183 220 ARISTOPHANIS

250 289 328 329 hae
365 288 577 328 comoedia
614 287 692 327 fuit
730 292 991 339 persecutusx
1035 300 1153 339 quam
1189 287 1358 339 quidem
1389 287 1566 329 fabulam
1606 287 1697 328 illu-

252 361 381 398 strant
421 370 491 406 ea,
533 369 635 409 quae
674 357 715 396 in
756 358 897 397 codice
937 357 1063 397 Coisl.
1099 357 1291 409 leguntur
1325 372 1388 411 ap.
1419 358 1545 398 Gaisf.
1578 359 1696 398 Prov.

251 440 293 478 p.
326 427 430 466 123:
469 420 792 479 Ἀναγυράσιος
820 422 1011 479 δαίμων·
1050 417 1157 464 ὅταν
1191 421 1355 477 χαλεπή
1398 439 1461 473 τις
1489 422 1593 479 τύχη
1624 426 1698 466 καὶ

254 491 424 548 πονηρὰ
467 492 675 548 δυστυχία
711 491 949 551 κατασείσῃ
986 492 1134 535 πᾶσαν
1179 488 1322 533 οἰκίαν
1362 489 1698 545 ἀλλεπαλλήλοις

255 562 410 612 δεινοῖς
439 559 464 613 ἡ
497 561 710 619 παροιμία
739 561 920 616 λέγεται.
954 563 1075 605 Φασὶ
1097 560 1177 617 γὰρ
1206 562 1417 615 γενέσθαι
1444 562 1542 604 τινα
1570 578 1699 618 γεωρ-

255 631 335 686 γὸν
364 632 409 672 ἐν
439 631 497 689 τῷ
523 629 860 688 Ἀναγυρασίων
890 629 1012 690 δήμῳ
1042 628 1191 673 αἰτίαν
1219 630 1371 686 ἔχοντα
1400 626 1458 680 εἰς
1487 630 1563 672 τὸν
1591 633 1699 682 πλη-

256 699 354 742 σίον
385 700 614 755 ἱδρυμένον
644 698 814 756 βωμόν·
851 700 920 743 διὸ
956 703 1202 780 συμφοραῖς
1241 699 1319 741 τὸν
1346 697 1587 755 ἄνθρωπον
1615 700 1701 741 δει-

254 772 350 820 ’ναῖς
379 771 643 825 neom-§oehl-
675 771 846 825 πρῶτον
873 774 951 826 μεν
987 770 1069 849 γὰρ
1097 768 1300 852 ἀπέλαβε
1318 769 1398 820 τὴν
1425 771 1627 824 γυναῖκα,
1656 769 1700 820 ἐξ

254 833 306 892 ἧς
348 836 465 896 αὐτῷ
506 841 608 887 παῖς
644 838 846 893 ἐγεγόνει·
889 854 982 880 ειτα
1025 838 1102 880 τὸν
1145 837 1241 880 υἱὸν
1281 837 1471 894 ἐπηρωσε
1515 837 1701 896 διαβολῇ

254 908 428 967 πλαστῆ
457 909 533 959 τῆς
561 909 771 964 μητρυιᾶς
796 906 1089 964 χρησάμενος,
1118 924 1192 949 και
1219 907 1368 962 λαβών
1394 905 1529 949 αὐτὸν
1557 906 1700 960 ἀνεβί-

256 979 394 1034 βασεν
421 974 480 1027 εἰς
508 976 735 1034 πλοιάριον
762 980 835 1019 καὶ
865 973 923 1027 εἰς
952 977 1116 1034 λυπρὸν
1145 977 1322 1029 ἐξέθηκε
1352 976 1567 1028 νησίδιον·
1606 969 1700 1017 εἶτα

256 1047 411 1090 ὀνείδει
448 1045 729 1103 κατεχόμενος
767 1044 899 1096 αὐτὸς
941 1061 986 1087 τε
1014 1048 1087 1088 καὶ
1116 1044 1143 1098 ἡ
1172 1046 1278 1101 γυνὴ
1308 1045 1419 1088 κατά
1447 1047 1594 1088 πᾶσαν
1623 1044 1702 1096 τὴν

255 1116 396 1170 πόλιν,
427 1114 559 1165 αὐτὸς
586 1120 664 1171 μὲν
693 1115 946 1170 συγκλείσας
974 1115 1127 1160 ἑαυτὸν
1151 1114 1259 1170 μετὰ
1287 1113 1462 1156 πάντων
1489 1115 1575 1155 τῶν
1601 1129 1702 1165 κτη-

255 1184 406 1244 μάτων
442 1186 488 1227 ἐν
517 1185 568 1243 τῇ
597 1181 713 1242 οἰκία
742 1187 816 1227 καὶ
845 1185 930 1240 πῦρ
973 1182 1207 1238 ὑποβαλών
1236 1183 1428 1235 ἐκαύθη·
1465 1181 1491 1234 ἡ
1522 1184 1567 1224 δὲ
1594 1180 1698 1236 γυνη

256 1252 318 1305 εἰς
347 1256 487 1311 φρέαρ
516 1254 675 1305 ἑαυτὴν
704 1254 892 1310 ἔρριψεν.
924 1257 1049 1298 Vides
1077 1258 1156 1296 iam
1174 1261 1321 1308 quanta
1344 1256 1564 1296 similitudo
1593 1257 1701 1295 inter

256 1328 365 1368 hanc
394 1332 436 1367 et
463 1327 575 1366 illam
594 1327 645 1366 de
663 1327 829 1367 Theseo
846 1331 887 1366 et
902 1327 1087 1367 Phaedra
1102 1327 1250 1367 famam
1265 1327 1503 1368 intercedat.
1533 1326 1702 1373 Similia,

258 1397 441 1449 quamvis
485 1397 618 1436 minus
666 1401 854 1436 accurata
897 1396 1041 1436 Suidas
1083 1410 1120 1436 v.
1158 1390 1480 1451 Ἀναγυράσιος
1518 1396 1701 1435 exhibet:

255 1459 583 1518 ’Λναγυράσιος
620 1461 790 1517 δαίμων
817 1463 892 1503 καὶ
929 1463 1102 1516 τέμενος
1138 1461 1384 1520 Ἀναγύρου
1419 1463 1465 1504 ἐν
1495 1462 1552 1519 τῷ
1581 1459 1703 1519 δήμῳ

257 1532 347 1574 τῶν
374 1529 721 1587 Ἀναγυρασίων.
766 1529 1086 1587 Ἀναγυράσιος
1117 1531 1299 1587 δαίμων,
1327 1532 1418 1574 ἐπεὶ
1446 1531 1522 1573 τὸν
1550 1546 1705 1587 παροι-

256 1602 416 1644 κοῦντα
455 1597 702 1658 πρεσβύτην
737 1601 812 1642 καὶ
851 1600 1107 1656 ἐκτέμνοντα
1149 1601 1198 1643 τὸ
1240 1594 1369 1651 ἄλσος
1409 1599 1704 1657 ἐτιμωρήσατο

254 1670 499 1727 Ἀνάγυρος
535 1664 660 1726 ἥρως.
718 1666 1072 1726 (’Λναγυράσιοι
1109 1670 1154 1711 δὲ
1193 1670 1327 1725 δῆμος
1364 1669 1440 1721 τῆς
1477 1668 1705 1724 Ἀττικῆς)

258 1739 414 1783 τούτου
444 1739 490 1781 δέ
518 1754 583 1789 τις
610 1739 785 1794 ἐξέκοψε
816 1738 864 1780 τὸ
894 1737 1045 1789 ἄλσος·
1075 1737 1099 1782 ὁ
1120 1741 1165 1782 δὲ
1187 1740 1245 1798 τῷ
1263 1739 1341 1798 υἱῷ
1364 1738 1502 1781 αὐτοῦ
1521 1741 1703 1795 ἐπέμηνε

258 1808 340 1862 την
368 1807 609 1861 παλλακήν,
637 1803 730 1860 ἥτις
753 1806 815 1864 μὴ
837 1808 1055 1863 δυναμένη
1079 1812 1316 1864 συμπεῖσαι
1343 1808 1420 1850 τὸν
1448 1809 1586 1851 παῖδα
1617 1809 1707 1851 διέ-

259 1880 394 1935 βαλεν
420 1876 479 1928 ὥς
508 1876 670 1932 ἀσελγῆ
705 1877 764 1935 τῷ
801 1876 954 1934 πατρί’
996 1876 1019 1920 ὁ
1051 1878 1097 1920 δὲ
1125 1877 1345 1936 ἐπήρωσεν
1373 1876 1510 1921 αὐτὸν
1537 1881 1612 1920 καὶ
1639 1879 1705 1933 ἐγ-

258 1945 645 2006 κατῳκοδόμησεν·
682 1948 754 1989 ἐπὶ
789 1945 956 1997 τούτοις
990 1949 1063 1990 καὶ
1100 1946 1124 1990 ὁ
1153 1948 1298 2005 πατὴρ
1324 1947 1480 1989 ἑαυτὸν
1516 1946 1706 2005 α’νήρτη-

258 2031 358 2071 σεν,
401 2015 427 2068 ἡ
459 2017 505 2058 δὲ
538 2015 737 2068 παλλακὴ
773 2013 832 2066 εἷς
861 2018 1000 2075 φρέαρ
1029 2016 1186 2069 ἑαυτὴν
1213 2017 1401 2073 ἔρριψεν.
1464 2017 1630 2073 ἱστορεῖ
1659 2017 1707 2059 δὲ

254 2083 511 2140 Ἱερώνυμος
547 2085 594 2125 ἐν
634 2084 694 2141 τῷ
721 2087 818 2140 περὶ
854 2086 1229 2143 τραγῳδιοποιῶν,
1267 2082 1504 2137 ἀπεικάζων
1538 2085 1707 2136 τούτοις

257 2154 336 2197 τὸν
362 2152 604 2210 Εὐριπίδου
631 2151 830 2201 Φοίνικα.
894 2157 950 2196 Et
989 2159 1086 2197 sane
1115 2158 1238 2198 etiam
1267 2158 1319 2198 ad
1348 2158 1565 2199 Phoenicis
1595 2159 1706 2198 simi-

258 2226 473 2268 litudinem
512 2225 669 2266 accedit
704 2225 774 2265 illa
801 2225 936 2266 Attica
971 2225 1125 2267 fabula.
1193 2228 1256 2268 Ab
1285 2228 1412 2267 heroe
1440 2227 1565 2280 igitur
1597 2228 1707 2267 Ana-

257 2310 360 2351 gyro
390 2308 543 2349 poenas
571 2296 622 2334 ab
651 2295 776 2346 impio
806 2307 905 2335 sene
945 2299 1159 2347 repetente
1200 2297 1410 2336 comoedia
1447 2308 1595 2336 nomen
1624 2300 1706 2335 tra-

258 2368 329 2408 xit.
399 2366 447 2406 In
489 2365 655 2405 exordio
695 2369 831 2404 autem
861 2364 1027 2404 fabulae
1055 2364 1216 2404 videtur
1244 2369 1365 2416 poeta
1392 2365 1544 2412 filium,
1585 2355 1707 2416 quem

258 2434 421 2488 perdite
449 2435 608 2493 {mahat
637 2437 753 2486 pater
782 2446 929 2482 senex,
967 2446 1164 2485 equorum
1203 2434 1441 2474 alendorum
1472 2433 1605 2475 studio
1636 2433 1706 2472 de-

260 2505 389 2543 ditum
427 2503 658 2552 induxisse,
697 2503 806 2554 quod
843 2502 1008 2553 quidem
1044 2503 1222 2542 studium
1257 2504 1442 2542 insanum
1471 2506 1514 2542 et
1539 2514 1705 2553 perver-

258 2584 351 2611 sum
383 2577 635 2624 quantopere
676 2575 773 2610 tune
802 2570 975 2612 Athenis
1006 2570 1194 2622 viguerit,
1223 2572 1401 2618 ostendit
1429 2571 1606 2612 Nubium
1636 2584 1706 2611 ex-

259 2640 442 2680 ordium:
473 2641 635 2681 omnino
664 2640 774 2681 enim
803 2639 875 2680 illa
902 2651 1024 2680 scena
1052 2652 1219 2693 prorsus
1253 2641 1306 2682 ad
1335 2639 1508 2680 eundem
1536 2640 1703 2681 modum

263 2707 517 2774 eonformata
544 2710 674 2751 fuisse
703 2708 877 2750 videtur.
