1716 3164
676 165 729 206 Π
732 163 817 207 ΟΛ
823 164 916 207 YIA
922 162 1013 208 ΟΣ.
1465 167 1579 210 1185

94 282 337 336 Depositum
366 284 478 321 terra
507 281 673 322 sustulit
701 283 774 323 ille
804 285 941 335 caput.
1008 281 1146 321 Lucus
1186 292 1281 322 eum
1311 280 1578 334 nemorisque

95 353 178 402 tui,
207 352 438 404 Dictynna,
470 365 661 393 recessus
691 353 833 393 Celet:
863 352 1032 392 Aricino
1062 352 1231 394 Virbius
1259 352 1331 392 ille
1360 351 1467 392 lacu.
1521 352 1579 392 Et

53 414 58 417 Δ
95 423 148 463 ob
179 422 260 462 hoc
289 423 424 475 ipsum
458 424 648 464 nonnulli
683 423 875 462 videntur
904 421 1094 470 finxisse,
1131 422 1423 475 Aesculapium
1454 422 1578 462 etiam

95 492 298 533 Glaucum
328 494 370 533 in
402 495 524 533 vitam
557 505 798 541 revocasse,
829 491 912 532 vid.
944 492 1074 531 schol.
1108 491 1278 546 Pindar.v
1308 493 1471 545 Olymp.
1502 493 1577 533 ΙΙΙ.

95 563 253 616 Hygin.
283 563 340 602 49
371 577 411 616 p.
443 564 524 603 97:
566 562 864 615 „Aesculapius
906 561 1109 614 Apollinis
1151 562 1259 601 filius
1297 562 1453 602 Glauco
1495 563 1578 603 Mi-

96 634 187 673 nois
218 634 304 673 filio
335 634 460 673 vitam
495 632 727 673 reddidisse
758 634 846 672 sive
882 633 1111 685 Hippolyto
1143 631 1305 681 dicitur,
1337 643 1459 684 quem
1485 633 1579 685 lup·

97 704 206 757 piter
236 705 288 744 ob
319 704 361 743 id
390 704 526 756 ipsum
558 703 734 743 fulmine
764 702 1010 756 percussit.’'
1077 702 1191 741 Idem
1228 715 1327 742 vero
1357 702 1466 743 infra
1497 704 1579 743 136

98 787 139 827 p.
155 775 240 814 2⁰2
270 773 472 814 Glaucum
506 774 668 827 Polyidi
700 787 828 826 opera
858 772 1057 813 revixisse
1087 772 1226 821 tradit,
1257 778 1298 812 ct
1325 786 1468 813 rursus
1494 774 1575 814 251

98 857 139 896 p.
155 844 267 884 3052
309 844 520 893 „Glaucus
551 845 704 885 Minois
746 844 857 884 filius
886 844 1101 883 restitutus
1140 856 1163 882 a
1196 842 1369 895 Polyido
1401 844 1579 884 Coerani

98 914 225 954 filio.''
285 915 367 954 Ubi
397 914 543 954 itidem
576 915 795 967 Hippolyti
827 914 1112 953 reviviscentis
1149 914 1197 952 fit
1227 915 1403 954 mentio:
1442 914 1579 967 „Hip-

98 983 263 1036 polytus
293 984 450 1024 Thesei
491 985 602 1025 filius
641 985 852 1025 voluntate
894 984 1073 1033 Dianae,
1118 985 1188 1035 qui
1233 989 1377 1036 postea
1410 984 1578 1026 Virbius

98 1057 161 1094 est
201 1055 471 1107 appellatus.''
532 1057 634 1096 Utut
681 1056 760 1094 hoc
807 1059 883 1103 est,
932 1054 1206 1106 Hippolytum
1251 1054 1407 1107 pariter
1451 1060 1576 1106 atque

99 1124 301 1165 Glaucum
340 1125 380 1166 in
412 1127 534 1167 vitam
565 1131 804 1165 revocatum
843 1138 935 1164 esse
981 1124 1031 1164 ab
1068 1123 1215 1164 inferis
1252 1129 1444 1165 constans
1474 1125 1579 1165 anti-

100 1195 265 1247 quitatis
305 1195 384 1235 fuit
422 1196 532 1236 fama
579 1196 652 1245 (ut
690 1196 793 1235 alios
833 1198 1114 1247 praeteream,
1163 1195 1243 1234 iam
1282 1195 1364 1234 hoc
1411 1195 1579 1236 tradidit

100 1265 446 1319 Naupacticorum
479 1271 623 1306 auctor
652 1265 762 1318 apud
790 1264 1032 1317 Apollodor.
1052 1265 1111 1304 111
1143 1265 1198 1304 10
1225 1265 1305 1316 3):
1335 1266 1474 1317 itaque
1503 1279 1579 1319 po-

100 1336 178 1376 tuit
207 1337 506 1390 Aristophanes
538 1337 753 1388 utriusque
785 1335 925 1374 herois
956 1336 1196 1375 memoriam
1227 1337 1506 1388 coniungere,
1536 1342 1579 1379 et

100 1419 204 1458 quae
235 1409 473 1447 comoediae
506 1413 567 1447 est
599 1408 638 1446 in
670 1406 821 1446 fabulis
852 1406 1118 1445 immutandis
1159 1407 1326 1446 licentia
1366 1407 1423 1446 ita
1460 1408 1578 1447 insti-

99 1482 231 1526 tuere,
263 1482 308 1517 ut
339 1479 568 1531 Hippolyto
599 1479 793 1518 restituto
825 1477 866 1516 in
895 1476 1018 1515 vitam
1043 1476 1230 1515 Phaedra
1262 1489 1364 1516 uxor
1395 1477 1576 1519 daretur.

101 1548 188 1588 Sed
218 1548 324 1588 haec
354 1562 453 1589 sane
485 1547 684 1601 perquam
713 1549 884 1588 incerta.
956 1546 1019 1587 Ad
1051 1547 1264 1587 Theseum
1305 1552 1418 1588 certe
1449 1549 1577 1590 nolim

102 1617 196 1658 illos
226 1631 369 1659 versus
398 1631 610 1659 revocare.
807 1673 864 1712 ΠΙ

288 1744 305 1781 >’
332 1754 415 1797 Διὰ
445 1755 520 1807 τῆς
548 1755 711 1814 ἀγορᾶς
742 1758 914 1812 τρέχων,
945 1751 1237 1810 ἀναρίστητος
1266 1751 1341 1798 ὥν.

213 1870 383 1911 Suidas:
420 1865 705 1925 Ἀνάριστος·
739 1869 908 1924 μᾶλλον
938 1867 983 1908 δὲ
1014 1865 1334 1923 ἀναρίστητος,
1362 1865 1575 1925 Ἀριστο-

101 1934 246 1993 (Ῑάνης
274 1939 530 1997 [Ιολυείὸι;)·
561 1940 644 1982 Διὰ
675 1941 750 1990 τῆς
780 1937 851 1993 ἀγ.
882 1940 1028 1995 τρέχω,
1059 1936 1128 1981 ἄν.
1156 1937 1233 1979 ὦν.
1293 1942 1450 1994 Scripsi
1481 1941 1574 1999 τρέ.

44 2010 48 2013 ’
95 2022 198 2063 χων.
260 2012 469 2054 Porsonus
500 2016 752 2068 transposuit
783 2013 909 2053 verba
945 2010 1088 2066 Τρέχω
1118 2009 1193 2053 διὰ
1223 2010 1299 2062 τῆς
1328 2006 1509 2067 ἀγορᾶς.

806 2136 876 2176 lV.

512 2216 806 2273 Ἑλλιμενίζεις
836 2215 864 2268 ἦ
894 2216 1147 2267 δέκατεύεις.

213 2330 359 2371 Pollux
401 2331 456 2371 lx
496 2332 580 2371 31:
629 2330 720 2370 Καὶ
762 2325 820 2376 ὠς
863 2326 1192 2384 Ἀριστοφάνης
1230 2328 1276 2368 ἐν
1319 2325 1574 2389 Πολυείδῳ.

99 2394 316 2452 'El-mmm».
348 2399 437 2439 κτλ.

806 2457 854 2498 V.

216 2540 392 2580 Photius
422 2554 463 2593 p.
496 2541 548 2579 13
578 2541 644 2580 10.
691 2541 864 2591 Snidas,
896 2541 1133 2593 Etymolog.
1166 2541 1225 2581 M.
1257 2554 1297 2593 p.
1327 2540 1413 2581 373
1444 2542 1497 2582 lo
1527 2546 1571 2584 et

100 2610 229 2651 Mich.
260 2611 447 2663 Apostol.
481 2611 534 2650 ΙΧ
567 2612 593 2650 9
624 2625 665 2663 p.
696 2612 799 2651 105:
831 2607 1073 2664 ’Ἑρημον
1100 2607 1417 2661 ἐμβλέπειν.
1475 2608 1570 2652 cini-

99 2690 236 2727 vmov
265 2680 338 2719 καὶ
371 2677 576 2733 νωθρὸν·
607 2673 707 2718 οἷον
735 2674 846 2720 ὅταν
875 2676 935 2727 ὥς
964 2676 1154 2733 ἐρημίαν
1182 2674 1211 2729 ἢ
1241 2678 1428 2731 πέλαγος
1456 2680 1570 2734 μέγα

98 2748 173 2787 καὶ
201 2744 358 2802 ἀχανὲς
389 2749 629 2802 βλέπωμεν.
685 2745 1025 2804 Ἀριστοᾳάνης
1062 2747 1274 2807 Πολυΐδῳ
1310 2752 1489 2802 (suidas
1526 2757 1570 2793 et
