1716 3164
170 164 280 207 1⁰94
684 159 1092 202 Ams'roi’nams
1113 141 1123 145 ’

173 278 324 322 καλεῖν
371 272 503 318 εἰπών
548 274 593 316 ἐν
645 270 836 330 Κωκάλῳ
881 269 1103 326 Κοτρίνους
1153 272 1198 314 δὲ
1245 267 1391 316 λίθων
1442 275 1633 317 ἐκέλευον

171 346 289 403 ἡμᾶς
318 347 388 387 ἐπὶ
419 344 495 386 τὸν
524 344 723 398 κέραμον.
795 344 898 385 eod.
932 344 1079 384 Kuhnii
1110 351 1151 384 et
1183 346 1470 398 langermanni
1499 345 1632 388 ἐοίκοι

173 417 322 459 καλεῖν
351 411 484 456 εἰπών
513 415 559 455 ἐν
587 409 762 468 κωλάκῳ
792 413 909 462 (cod.
942 413 1145 465 Iungerm.
1179 410 1398 469 Κωκάλῳ)
1428 415 1634 470 κοφίνους

179 488 226 528 δὲ
265 483 407 528 κάλων
437 485 618 531 ἐκέλευες
657 479 769 535 ἡμᾶς
806 480 876 520 ἐπὶ
915 479 999 520 τῶν
1036 480 1181 522 λίθων
1218 483 1463 537 κεκέραμον.
1521 492 1634 527 recte

174 559 363 600 Kuhnius
397 555 624 597 desiderari
655 552 834 593 verbum*
863 548 968 603 ἱμᾶν
1004 552 1224 602 intellexit,
1273 559 1314 593 at
1350 568 1428 595 non
1460 555 1634 595 debebat

175 623 292 679 ἡμᾶς
323 628 487 674 eiicere,
518 625 702 676 elapsum
734 628 798 662 est
823 612 925 661 illud
956 622 1218 670 vocabulum,
1249 624 1385 675 itaque
1412 627 1634 676 utrumque

175 698 334 750 scripsi.
402 697 594 736 Ceterum
616 693 704 737 cfr.
748 690 1022 743 Phrynichum
1068 691 1242 731 Bekkeri
1277 694 1430 734 Anecd.
1463 694 1479 733 l
1510 707 1551 746 p.
1580 693 1634 735 47

176 767 231 808 18
265 764 481 817 Κέραμον,
509 758 567 809 ὠς
596 758 728 813 ἡμεῖς,
760 757 836 799 τὸν
864 758 935 798 ἐπὶ
965 756 1041 797 τοῦ
1071 759 1262 811 στέγους.

865 859 933 899 Vl.

507 938 683 996 Ἤμουν
712 937 864 994 ἄγριον

519 1021 675 1080 βάρος·
707 1021 873 1079 ἤγειρεν
901 1019 983 1079 γάρ
1011 1021 1080 1064 τοί
1108 1019 1160 1078 μ’
1192 1014 1309 1072 οἶνος

516 1106 577 1162 μὴ
607 1108 875 1162 συμμιχθεὶς
901 1103 1117 1163 ’Alcman

293 1212 530 1253 Macrobius
563 1210 765 1251 Saturnal.
797 1210 833 1251 V
864 1210 940 1249 18:
979 1207 1127 1261 „Apud
1158 1219 1260 1259 quos
1290 1196 1516 1256 (Graecos)
1542 1219 1637 1258 pro-

177 1281 269 1335 prie
297 1281 339 1320 in
367 1293 497 1332 aquae
526 1279 864 1333 significationem
894 1278 1122 1332 ponebatur
1153 1276 1372 1316 Achelous.
1431 1288 1568 1327 neque
1597 1275 1640 1315 id

178 1350 347 1392 frustra.
404 1363 497 1390 nam
538 1362 682 1389 caussa
724 1360 888 1400 quoque
928 1347 1017 1387 eius
1056 1347 1118 1386 rei
1156 1357 1248 1385 cum
1278 1357 1376 1385 cura
1405 1345 1534 1386 relata
1564 1347 1640 1385 est.

179 1419 265 1461 Sed
295 1419 533 1472 priusquam
565 1431 747 1458 caussam
778 1429 1031 1469 proponam,
1061 1414 1160 1454 illud
1191 1415 1356 1466 antiquo
1388 1419 1507 1467 poeta
1536 1419 1641 1454 teste

178 1489 429 1537 monstrabo,
460 1488 572 1528 hunc
595 1499 749 1526 morem
779 1485 976 1538 loquendi
993 1487 1258 1538 pervagatum
1287 1483 1417 1524 fuisse
1445 1488 1491 1524 ut
1507 1484 1641 1524 Ache-

180 1558 296 1599 loum
325 1570 401 1611 pro
433 1558 574 1610 quavis
605 1569 709 1608 aqua
737 1555 936 1595 dicerent.
995 1552 1290 1606 Aristophanes
1320 1557 1434 1593 vetus
1464 1554 1642 1593 comicus

182 1629 224 1668 in
266 1627 481 1669 comoedia
520 1626 672 1668 Cocalo
711 1627 770 1665 sic
807 1624 878 1673 ait,
919 1618 1060 1676 ἤμουν
1097 1617 1248 1675 ἄγριον
1277 1617 1423 1674 βάρος.
1477 1617 1644 1674 ἤτειρεν

181 1691 264 1750 γάρ
293 1692 364 1735 τοί
392 1692 444 1749 μ’
475 1685 592 1743 οἶνος
621 1690 672 1734 οὐ
701 1692 840 1745 μιγεὶς
869 1687 977 1744 πόμ’
1007 1685 1220 1746 Ἀχελώῳ.
1263 1693 1474 1743 gravabar,
1500 1691 1643 1742 inquit,

181 1769 298 1815 vino,
341 1767 405 1806 cui
436 1778 540 1818 aqua
569 1778 650 1806 non
678 1765 825 1804 fuisset
853 1763 1048 1811 admixta,
1089 1762 1132 1800 id
1164 1766 1226 1800 est
1258 1761 1411 1801 mero.'’
1469 1761 1642 1799 Dindor-

182 1836 263 1875 fius
281 1836 526 1875 existimavit
542 1849 634 1876 esse
653 1836 876 1888 glyconeos
898 1827 1084 1884 ἼΙμουν
1094 1825 1253 1883 ἄγριον
1269 1825 1400 1882 βάρος
1414 1841 1424 1853 ·
1459 1824 1639 1882 Κᾶτειρε

182 1900 265 1958 γὰρ
297 1893 414 1951 οἶνος
443 1900 495 1943 οὐ
526 1903 682 1955 Μιγεὶς
712 1897 922 1956 Ἀχελώῳ.
962 1914 1066 1954 quae
1110 1901 1342 1940 coniectura
1382 1900 1512 1939 minus
1549 1912 1643 1952 pro-

181 1974 327 2013 babilis
357 1974 528 2024 videtur,
559 1974 721 2015 restitui
758 1973 883 2026 igitur
915 1974 1167 2024 anapaestos.

873 2072 964 2114 vn.
1005 2051 1009 2056 ’

299 2157 537 2198 Athenaeus
567 2157 624 2196 Xl
657 2169 696 2208 p.
725 2156 810 2196 478
841 2156 896 2195 D:
941 2148 1138 2202 Κοτύλη·
1176 2147 1510 2206 Ἀριστοφάνης
1548 2151 1645 2191 Κω-

184 2221 321 2281 κάλῳ·
354 2222 552 2265 ’Ἀλλαι
592 2222 1081 2278 ὑποπρεσβυτὲραι
1119 2219 1277 2277 γρᾷες
1310 2219 1521 2261 Θασίου
1547 2220 1646 2274 μέ-

184 2294 348 2345 λανος
367 2294 572 2348 μεστὸν
593 2293 1070 2348 κεραμευομέναις
1090 2287 1354 2338 κοτύλαις
1373 2286 1647 2344 μεγάλαις

185 2361 378 2417 ἔγχεον
407 2363 457 2411 ἐς
487 2364 766 2417 σφέτερον
797 2361 962 2416 δέμας
993 2358 1151 2401 οὐδὲν
1180 2356 1446 2412 ἄκοσμον,
1487 2356 1648 2412 ἔρωτι

186 2430 528 2486 βιαζόμεναι
556 2432 786 2485 μέλανος
817 2430 974 2470 οἴνου
1005 2426 1259 2485 ἀκράτου.
1320 2431 1425 2471 Satis
1456 2431 1648 2472 audacter

186 2504 298 2543 hunc
341 2505 478 2543 locum
524 2504 794 2543 conformavit
839 2502 1094 2549 Dnndorfius,
1142 2502 1210 2552 qui
1255 2514 1400 2552 magna
1444 2512 1491 2538 ex
1530 2504 1648 2550 parte

189 2573 342 2625 Toupii
384 2579 548 2614 secutus
589 2574 844 2613 coniecturas
874 2572 1046 2612 Emeud.
1081 2572 1118 2611 ll
1150 2584 1189 2622 p.
1221 2571 1274 2610 94
1311 2571 1383 2608 has
1423 2568 1650 2620 composuit

187 2644 519 2682 tetrametrorum
560 2656 676 2695 anap.
720 2642 940 2695 reliquias:
981 2667 1035 2675 —
1063 2636 1229 2680 ”Amat
1262 2634 1650 2691 ‘Yrtonpwfi’vte'pm

188 2708 313 2765 γρᾶες
347 2707 516 2750 Θασίου
544 2711 729 2764 μέλανος
757 2708 918 2764 μεστὸν
947 2714 965 2736 *
994 2714 1012 2735 *
1044 2706 1423 2765 Κεραμευομὲναις
1452 2703 1651 2753 κοτύλαις
