1716 3164
220 135 331 182 1120
550 143 553 147 ’
745 137 1152 183 ARISTOPHANIS

221 247 450 292 Δάπτοντα
491 246 582 290 κτλ.
653 250 722 292 Vs.
756 251 777 289 1
820 244 1041 290 δάπτοντα
1083 251 1293 295 Porsonus
1323 254 1506 307 scripsit,
1543 254 1662 296 codd.

221 315 541 374 ὁαρδάπτοντα.
584 343 639 350 —-
682 320 751 360 Vs.
781 321 807 359 2
845 320 1010 373 respicit
1040 320 1211 361 Photius
1241 335 1279 374 p.
1308 322 1390 362 529
1420 324 1496 363 23:
1535 321 1663 363 Σπα-

219 385 397 441 τάγγαι·
437 380 589 440 ἰχθύες
619 387 750 436 τινές·
781 387 823 428 οἱ
853 386 899 428 δὲ
929 385 1028 436 τοὺς
1056 385 1270 442 μεγάλους
1299 388 1476 444 ἐχίνους.
1530 386 1662 440 οὕτως

217 453 555 512 Ἀριστοφάνης.

913 527 986 568 XI.

412 606 599 663 Ἀδαχεῖ
622 606 703 663 γὰρ
732 604 870 648 αὐτοῦ
896 607 973 650 τὸν
1001 605 1125 665 ἄχορ’
1157 609 1313 663 ἐκλέγει
1343 608 1382 650 τ’
1412 609 1478 652 ἀεὶ

416 692 460 733 ἐκ
489 693 566 732 τοῦ
594 690 759 745 γενείου
788 690 864 740 τὰς
892 681 1057 741 πολιᾶς.

332 805 625 847 Grammaticus
663 805 704 844 in
734 805 908 844 Bekkeri
939 805 1092 846 Anecd.
1125 806 1140 844 1
1171 820 1210 858 p.
1240 806 1323 846 474
1352 807 1427 846 31:
1466 801 1663 860 Ἀχῶρα·

220 873 275 916 τὰ
296 875 341 915 ἐν
372 873 423 931 τῇ
451 871 616 929 κεᾳαλῇ
644 872 717 912 καὶ
747 871 804 929 τῷ
833 871 977 930 γενείῳ
1007 871 1178 928 πίτυρα.
1225 870 1549 929 Ἀριστοφάνης
1574 872 1666 916 Ὁλ-

219 941 345 986 κάσιν
380 940 570 997 Ἀδαχεῖ
601 939 682 996 γὰρ
719 939 854 982 αὐτοῦ
890 941 968 983 τόν
996 940 1141 997 ἀχῶρα
1170 943 1383 996 ἐκλέγεται
1419 944 1463 985 ἐκ
1492 944 1569 985 τοῦ
1596 959 1665 998 γε·

219 1013 335 1055 νείου
365 1013 439 1061 τὰς
468 1009 621 1059 πολιὰς
651 1010 727 1051 τοῦ
754 1010 867 1059 Διός.
924 1007 1151 1065 ἀρσενικῶς
1196 1011 1239 1052 δὲ
1280 1012 1446 1066 λέγεται
1482 1011 1505 1054 ὁ
1535 1011 1665 1070 ἆχώρ.

219 1087 337 1128 Adde
368 1085 558 1124 Photium
589 1097 628 1135 p.
659 1084 686 1122 8
718 1083 766 1122 1:
797 1078 1065 1132 Ἀὂαξῆσαι·
1106 1079 1155 1121 τὸ
1194 1081 1370 1133 κυῆσαι,
1410 1081 1485 1123 οὐκ
1522 1083 1568 1123 ἐν
1608 1082 1666 1140 τῷ

210 1155 243 1195 ’ὃ
279 1151 519 1203 ὀδαξῆσαι,
562 1151 634 1190 καὶ
672 1147 848 1203 ᾰὸαχεῖν
885 1148 935 1189 τὸ
977 1148 1161 1200 κνήθειν
1194 1147 1384 1205 Ἀὃαχεῖ
1414 1150 1495 1205 γὰρ
1531 1151 1666 1194 αὐτοῦ

219 1221 296 1263 τὸν
338 1219 536 1275 ἀθχῶρα
589 1218 743 1270 ἐκλέγει
789 1216 836 1258 τ’
879 1216 946 1259 ἀεὶ
987 1217 1314 1274 Ἀριστοφάνης
1356 1220 1401 1260 ἐν
1441 1219 1663 1265 Ὀλκάσιν.

220 1295 376 1335 Eadem
407 1291 701 1331 Grammaticus
730 1291 771 1330 in
803 1291 977 1330 Bekkeri
1007 1292 1162 1331 Anecd.
1194 1292 1210 1330 1
1240 1306 1280 1344 p.
1310 1292 1392 1331 340
1422 1294 1476 1333 28
1504 1298 1545 1333 et
1573 1294 1666 1335 Sui-

220 1364 307 1412 das,
338 1363 413 1402 nisi
442 1361 550 1412 quod
579 1355 725 1412 άχῶρα
756 1360 946 1399 exhibent
970 1365 1011 1398 et
1025 1361 1168 1401 Suidas
1199 1360 1359 1401 fabulae
1389 1375 1535 1404 nomen
1566 1364 1666 1403 omi-

219 1433 293 1473 sit:
324 1436 437 1471 recte
463 1443 560 1470 vero
591 1427 743 1479 ἐκλέγει
775 1427 810 1466 τ’
848 1430 1050 1470 scribitur.
1087 1435 1276 1482 corrupta
1305 1443 1445 1472 rursus
1474 1433 1576 1472 haec
1605 1433 1665 1472 le-

219 1505 370 1554 guntur
405 1501 446 1540 in
476 1498 655 1550 Etymol.
687 1499 745 1537 M.
783 1511 822 1550 p.
855 1499 935 1538 182
973 1499 1046 1539 17:
1092 1497 1288 1551 Ἀχῶρα·
1327 1495 1574 1551 ἀρσενικῶς,
1611 1497 1666 1540 τὰ

218 1569 266 1609 ἐν
293 1567 346 1625 τῇ
374 1566 539 1623 κεφαλῇ
567 1565 641 1606 καὶ
670 1565 729 1622 τῷ
758 1563 902 1622 γενείῳ
931 1564 1102 1622 πίτυρα.
1147 1563 1476 1622 Ἀριστοφάνης
1503 1564 1667 1622 ’Λδεχῆ

218 1637 300 1693 γὰρ
338 1635 472 1677 αὐτοῦ
512 1634 586 1676 τὸν
623 1631 756 1690 ἀχῶρ’
789 1634 971 1688 έκλέγετ’
998 1634 1066 1676 ἀεὶ
1102 1636 1146 1676 ἐκ
1182 1635 1259 1676 τοῦ
1297 1635 1472 1688 γενείου.
1537 1640 1607 1680 Vs.
1639 1640 1663 1679 1

218 1709 477 1751 scribendum
509 1720 600 1748 esse
629 1704 706 1746 τὸν
735 1701 872 1760 ἄχορα
902 1709 1000 1749 olim
1030 1710 1109 1748 iam
1140 1708 1261 1748 docui
1290 1708 1436 1748 conata
1465 1708 1665 1762 Hesychij

218 1780 378 1834 glossat
411 1772 607 1831 ”Αχορα·
638 1773 693 1816 τὰ
722 1774 904 1831 πίτυρα,
934 1779 1004 1818 ubi
1032 1779 1226 1818 Musurus
1255 1779 1463 1830 vulgarem
1492 1778 1665 1834 formam

218 1845 364 1902 ἀχῶρα
394 1852 552 1887 temere
582 1848 812 1888 substituit:
848 1848 946 1887 item
976 1848 1096 1888 docui
1127 1848 1300 1887 mediam
1330 1848 1525 1900 syllabam
1554 1861 1577 1887 a
1606 1848 1665 1888 la·-

217 1919 313 1959 tinis
352 1918 484 1970 poetis
521 1919 695 1970 corripi,
725 1918 805 1958 vid.
836 1918 1152 1958 Zimmermann.
1182 1918 1327 1959 Annal.
1359 1917 1467 1957 1835
1497 1930 1538 1969 p.
1567 1917 1663 1957 324.

209 1980 384 2040 ’Ἀχορα
424 1992 560 2026 autem
599 2001 679 2027 non
716 1981 854 2040 ἄχόρα
895 1987 1152 2027 scribendum
1190 1999 1280 2026 esse
1319 1987 1439 2025 docet
1468 1985 1664 2026 Arcadius

217 2070 256 2109 p.
271 2058 325 2096 20
354 2058 434 2096 20:
471 2052 535 2093 Τὰ
564 2051 624 2102 εἰς
648 2069 707 2108 ωρ
724 2052 870 2094 πάντα
885 2050 1162 2107 βαρύνονται,
1195 2050 1252 2101 ὥς
1265 2052 1457 2106 Νέστωρ,
1479 2046 1662 2107 “Ἐκτωρ,

218 2121 426 2178 Κάστωρ,
456 2120 584 2178 ἄχωρ,
616 2122 664 2163 τὸ
695 2122 769 2172 τῆς
797 2122 986 2176 κεφαλῆς
1014 2121 1276 2177 πιτύρισμα,
1304 2119 1352 2162 τὸ
1382 2122 1530 2175 μέντοι
1559 2117 1662 2177 ἰχώρ

216 2191 426 2246 ὀξύνεται.
470 2219 524 2227 —--
572 2196 639 2236 Vs.
670 2197 696 2235 2
734 2195 832 2234 satis
860 2194 970 2234 facili
999 2195 1163 2247 negotio
1194 2205 1354 2233 versum
1384 2193 1513 2245 possis
1543 2192 1662 2232 resti-

216 2273 334 2306 tuere
362 2266 589 2317 integrum‚
621 2265 656 2304 si
680 2265 833 2305 scribas
862 2260 938 2310 τὰς
969 2259 1118 2310 πολιὰς
1147 2258 1223 2309 τὰς
1252 2259 1329 2300 τοῦ
1358 2258 1469 2309 Διὸς,
1499 2261 1572 2301 sed
1600 2262 1663 2301 in·

217 2335 429 2375 commoda
459 2339 569 2374 esset
597 2335 810 2382 sententia,
841 2346 960 2384 quam
991 2333 1176 2386 percepit
1205 2333 1437 2380 Delu-aeus,
1468 2332 1536 2383 qui
1564 2327 1662 2369 τοῦ·

216 2403 262 2443 ὄὶ
290 2402 452 2457 scripsit
481 2409 523 2443 et
552 2404 602 2442 ad
623 2404 817 2455 populum
834 2392 1145 2442 Atheniensium
1166 2402 1312 2442 referri
1337 2401 1489 2440 voluit:
1519 2405 1559 2440 at
1586 2413 1661 2452 po-

216 2476 298 2516 tius
329 2475 504 2515 delenda
533 2478 628 2513 sunt
655 2473 724 2512 illa
753 2473 876 2512 verba
905 2470 981 2510 τοῦ
993 2467 1104 2518 Διός,
1135 2484 1238 2523 quae
1267 2484 1317 2510 ex
1346 2471 1491 2510 vitioso
1519 2483 1661 2510 errore

217 2549 386 2596 propter
423 2555 708 2595 praegressum
747 2538 900 2588 πολιὰς
939 2547 1027 2581 orta
1066 2554 1158 2581 esse
1187 2540 1389 2580 videntur.
1449 2540 1661 2579 Pertinent

217 2618 354 2653 autem
382 2613 429 2652 hi
456 2625 595 2652 versus
630 2612 680 2651 ad
712 2611 912 2663 Populum
942 2611 1254 2658 Atheniensem,
1290 2609 1355 2648 cui
1384 2605 1535 2657 Cleon,
1571 2613 1660 2648 tan-

217 2694 338 2736 quam
382 2682 474 2722 seni
512 2681 653 2722 hebeti
697 2685 738 2721 et
780 2681 928 2722 obtuso
973 2679 1484 2729 blandiebatur-:prorsus
1519 2678 1577 2718 ita
1617 2678 1658 2718 in
