1716 3164
615 206 978 252 ΔΑΙΤΛΛΕΙΣ.
1422 213 1540 258 1⁰27

19 383 22 387 .
63 317 270 376 κόμματα
300 325 465 370 tenera,
495 321 699 374 delicata,
731 325 946 378 exquisita
955 334 979 374 ‚‘
998 334 1081 377 quo
1111 324 1234 366 modo
1263 320 1542 381 χναυμάτιον

62 392 143 434 dici
173 391 299 442 solet,
327 391 410 433 vid.
441 392 647 435 Teleclid.
676 395 886 448 Amphict.
918 394 935 435 1
968 394 1035 436 14.

770 496 823 536 Η.

922 574 1034 631 Ἐγώ
1072 574 1123 618 δ’
1154 573 1232 618 ἰών

308 661 438 716 πέψω
468 656 706 703 πλακοῦντ’
738 660 780 711 ἐς
810 659 999 717 ἑσπέραν
1023 660 1244 719 χαρίσιον.

167 775 407 818 Athenaeus
437 776 536 819 x1v
566 790 607 830 p.
630 777 713 817 646
742 777 800 818 B:
826 773 1051 832 χαρίσιος·
1081 773 1241 818 τούτου
1269 774 1537 832 μνημονεύει

51 841 384 900 Ἀριστοφάνης
418 842 465 885 έν
493 843 807 887 Δαιταλεῦσιν·
850 842 963 900 Ἐγώ
1005 845 1052 887 δὲ
1092 845 1180 888 νῶν
1215 849 1380 903 πέμψω
1421 849 1534 890 πλα.

53 913 204 956 κοῦντ·
241 913 430 971 ἑσπέραν
474 917 594 968 (cod.
633 918 738 960 Ven.
786 915 1051 967 πλακοῦντες
1099 923 1266 974 περαν)
1312 916 1533 976 χαρίσιον.

54 987 208 1027 Ultima
247 988 479 1028 emendavit
511 988 724 1028 Bentleius
765 989 816 1029 ad
855 991 1094 1030 callimach.
1128 992 1199 1031 Fr.
1238 1006 1278 1044 p.
1308 992 1407 1043 513,
1449 989 1529 1045 ἐγώ

51 1051 99 1094 δ’
132 1050 210 1095 ἰών
229 1057 480 1108 Dindorfius,
511 1056 640 1110 πέψω
655 1058 910 1100 Fritzschius
941 1061 1135 1110 restituit,
1168 1063 1237 1114 qui
1268 1068 1385 1103 recte
1418 1076 1532 1104 com-

50 1127 166 1179 ponit
209 1128 364 1168 Eubuli
403 1142 546 1170 versus
585 1129 693 1182 apud
733 1130 886 1170 Athen.
917 1130 994 1171 XV
1024 1145 1065 1183 p.
1098 1132 1180 1175 668
1212 1131 1271 1171 D:
1316 1131 1408 1172 Καὶ
1447 1129 1532 1189 γὰρ

51 1193 190 1236 πάλαι
226 1195 372 1237 πέττει
412 1195 467 1237 τὰ
509 1193 760 1252 νικητήρια,
800 1205 861 1240 et:
910 1195 1179 1251 Ἕξεπήδησ’
1216 1198 1374 1256 ἀρτίως
1411 1203 1531 1244 ,πέτ-

51 1280 189 1307 τουσα
220 1265 298 1307 τὸν
321 1265 541 1323 χαρίσιον.
598 1271 787 1311 Alterum
818 1284 983 1311 versum
1009 1272 1157 1313 Suidas
1188 1286 1226 1313 v.
1254 1268 1530 1315 Ἀνάστατοι

49 1339 106 1379 ita
136 1339 322 1379 exhibet:
353 1338 516 1394 πέμψω
548 1337 825 1389 πλακοῦντας
854 1338 1038 1396 ἑσπέρας
1063 1339 1314 1396 χαρισὶους,
1357 1348 1399 1385 et
1429 1346 1529 1388 satis

49 1415 244 1462 corrupte
274 1423 312 1450 v,
336 1407 562 1464 χαρίσιον·
590 1409 770 1464 Πέμψω
800 1411 1047 1460 παλλακαῖς
1071 1410 1255 1467 ἑσπέρας
1279 1411 1526 1469 χαρισίους.

0 1470 6 1478 ”
48 1481 244 1521 Ceterum
274 1480 417 1521 dubito
447 1495 497 1522 an
528 1482 633 1523 haec
663 1482 715 1523 ad
745 1483 899 1523 cottabi
929 1483 1073 1524 ludum
1103 1485 1187 1525 sint
1209 1484 1450 1538 referenda,
1478 1490 1527 1529 ut

47 1550 179 1592 visum
208 1554 273 1591 est
302 1552 546 1593 Fritzschio.

743 1637 820 1678 ΠΙ.

182 1713 293 1772 Φέρ’
327 1716 421 1771 ἴδω,
452 1718 494 1759 τί
525 1732 598 1760 σοι
628 1717 691 1759 δαΐ
719 1720 808 1760 τῶν
833 1717 1008 1776 μύρων,·
1030 1716 1217 1777 ψάγδαν
1246 1719 1414 1775 φιλεῖς,-

156 1832 396 1873 Athenaeus
425 1832 503 1873 XV
531 1846 573 1886 p.
603 1834 686 1874 690
715 1835 775 1876 E:
815 1829 996 1886 Ψάγδης
1025 1831 1287 1887 (μέμνηται)
1312 1829 1524 1889 Ἀριστοῇ

45 1896 191 1956 φάνης
232 1900 280 1942 ἐν
307 1900 620 1943 Δαιταλεῦσιν·
662 1898 771 1958 Φέρ’
804 1901 886 1943 ἴδω
921 1901 1014 1946 κτλ.
1052 1908 1095 1944 et
1133 1903 1242 1944 infra
1280 1917 1322 1957 p.
1350 1905 1432 1945 691
1464 1905 1521 1948 G:

51 1970 140 2023 Τῆς
171 1971 217 2013 δὲ
246 1970 480 2026 λεγομένης
510 1968 678 2026 σάγδας
707 1972 987 2028 (μέμνηται)
1019 2000 1075 2007 —
1111 1969 1446 2028 Ἀριστοφάνης
1473 1973 1522 2015 ἐν

43 2041 348 2086 Δαιταλεῦσιν.
392 2045 555 2086 videtur
583 2045 710 2099 igitur
737 2046 779 2088 in
808 2046 880 2087 illo
910 2047 1003 2087 loco
1031 2046 1157 2086 lectio
1185 2045 1421 2087 variavisse.

683 2158 754 2202 1V.
814 2159 863 2201 V.

716 2239 804 2291 Τῆς
831 2240 1030 2296 μυρηρᾶς
1059 2236 1264 2290 ληκύθου

180 2324 284 2378 πρὶν
311 2322 550 2364 κατελάσαι
579 2319 661 2372 τὴν
688 2321 914 2374 σπαθίὄα,
946 2321 1205 2377 γεύσασθαι
1229 2318 1386 2378 μύρου.

152 2435 300 2475 Pollux
328 2435 367 2474 X
411 2434 516 2474 119:
550 2433 738 2488 Εἴρηται
777 2430 826 2474 δ’
869 2431 953 2474 ὑπ’
991 2430 1128 2474 αὐτοῦ
1163 2432 1210 2473 έν
1247 2432 1514 2476 Δαιταλεῦσι

38 2501 112 2542 καὶ
141 2499 254 2556 ἄγγη
283 2499 476 2557 μυρηρά,
514 2502 682 2556 λέγοιτο
713 2500 761 2543 δ’
796 2499 850 2544 ἂν
879 2504 955 2544 καὶ
983 2500 1181 2554 λήκυθος
1209 2499 1409 2559 μυρηρά·
1456 2503 1512 2546 σὺ

37 2567 88 2612 δ’
122 2567 180 2615 ἂν
207 2572 344 2621 εἴποις
374 2573 448 2613 καὶ
476 2570 743 2628 μυροφόρον.
787 2600 841 2606 -
880 2574 955 2614 καὶ
997 2571 1048 2614 τὸ
1076 2575 1157 2626 μὲν
1185 2568 1246 2622 εἰς
1274 2570 1352 2622 τὰς
1379 2571 1511 2624 ληκύ-

36 2641 154 2692 θους
196 2643 467 2697 καθιέμενον
509 2642 580 2683 ἐπὶ
632 2641 818 2699 γεύματι
864 2643 944 2685 τοῦ
984 2639 1126 2697 μύρου
1170 2642 1383 2684 σπαῦίδα
1430 2644 1508 2687 καὶ

39 2708 226 2763 σπάθην
265 2713 464 2765 κλητέον,
509 2709 867 2771 Ἀριστοφάνους
905 2715 985 2769 μὲν
1025 2707 1226 2762 εἰπόντος
1260 2711 1307 2754 έν
1342 2714 1509 2756 Δαιτα·

39 2778 179 2822 λεῧσι·
222 2783 311 2834 Τῆς
348 2782 546 2838 μυρηρᾶς
584 2782 788 2836 ληκύθου
815 2784 905 2826 κτλ.
972 2786 1157 2839 Apparet
1192 2785 1319 2839 igitur
1348 2787 1507 2828 Aristo·

1140 2856 1195 2894 65
1224 2859 1244 2878 ⁸
