1716 3164
549 150 622 195 AR
630 149 1000 193 ISTOI’HANES.
1440 146 1525 185 999

54 270 123 313 hIo
157 280 321 322 quoque
366 270 534 322 praeter
572 269 735 307 ceteros
787 263 1024 317 sequendus
1072 265 1158 303 est:
1211 259 1335 302 docet
1385 261 1524 300 autem

51 340 371 393 Aristophanem
401 339 576 392 primam
618 336 874 376 comoediam
915 333 1154 374 exhibuisse
1185 333 1365 373 Diotimo
1403 344 1524 384 prae-

51 417 142 452 tore
172 423 248 463 per
278 411 581 457 Callistratum,
611 411 652 446 et
682 409 826 459 postea
856 405 1003 444 eodem
1034 409 1154 461 pacto
1186 404 1327 456 plures
1358 414 1524 442 comoe-

51 483 140 522 dias
170 486 240 522 aut
270 494 345 534 per
376 480 485 520 hunc
514 479 792 519 Callistratum
832 479 901 515 aut
932 488 1007 527 per
1038 474 1299 514 Philonidem
1331 476 1525 525 spectan-

52 553 125 592 das
157 551 411 591 exhibuisse:
442 554 584 602 postea
609 561 720 594 vero,
752 559 844 586 cum
868 546 966 585 satis
990 545 1070 585 iam
1095 545 1171 585 sibi
1201 555 1384 595 suaeque
1414 541 1525 595 apud

50 623 248 676 populum
278 621 434 674 gratiae
464 618 716 666 confideret,
755 630 875 657 suum
907 629 1057 656 nomen
1089 615 1254 668 publice
1292 627 1385 654 esse
1426 626 1523 666 pro-

53 693 236 742 fessum,
275 697 316 731 et
345 691 477 743 ipsum
507 691 548 729 in
580 693 789 728 certamen
822 699 1092 740 progressum
1123 699 1235 735 esse,
1276 697 1420 725 senem
1451 683 1524 723 de-

53 764 178 815 nique
216 763 367 813 aliquot
398 761 579 800 dramata
609 759 772 801 Araroti
804 759 890 798 filio
922 757 1203 797 concessisse:
1241 755 1410 796 omnino
1450 766 1524 794 au-

54 840 139 874 tem
163 832 446 885 Aristophanis
476 831 712 871 comoedias
743 843 836 869 esse
866 828 1161 884 quinquaginta
1191 831 1399 879 quattuor.
1431 827 1526 866 Hoc

54 905 176 956 igitur
203 904 379 955 primum
410 906 592 950 constat,
624 902 810 954 primam
831 899 1028 952 fabulam
1058 898 1418 951 Aristophaneam
1448 896 1526 936 Ιιοο

51 979 116 1012 est
153 972 432 1012 Baetalenses
478 972 719 1011 Callistrati
766 972 935 1011 nomine
985 969 1142 1022 Olymp.
1173 968 1468 1010 LXXXVIII
1500 968 1520 1007 l

50 1045 310 1083 commissam
341 1057 442 1083 esse.
490 1043 706 1083 Consentit
736 1046 881 1082 auctor
911 1042 1020 1081 vitae
1036 1040 1365 1092 Aristophaneae
1385 1052 1422 1091 p.
1438 1038 1524 1078 542

51 1115 117 1154 ed.
148 1115 276 1155 Mein.
314 1108 523 1166 Εὔλαβής
552 1126 596 1152 τε
627 1107 806 1167 σφόδρα
836 1106 1067 1165 γενόμενος
1102 1107 1184 1160 τὴν
1215 1107 1354 1163 ἀρχὴν
1383 1103 1525 1155 ἄλλως

50 1197 96 1223 τε
124 1178 287 1237 εὐφυὴς
318 1181 371 1223 τὰ
398 1184 478 1237 μὲν
508 1181 659 1238 πρῶτα
689 1179 762 1222 διὰ
793 1177 1134 1235 Καλλιστράτου
1162 1178 1234 1220 καὶ
1273 1175 1526 1219 Φιλωνίδου

51 1251 203 1294 καθίει
234 1250 460 1308 δράματα·
491 1252 562 1294 διὸ
592 1253 666 1294 καὶ
693 1250 919 1294 ἔσκωπτον
948 1248 1086 1293 αὐτὸν
1113 1245 1450 1306 Ἀριστώνυμος
1479 1262 1524 1289 τε

50 1325 125 1364 καὶ
152 1320 422 1377 Ἀμιιψίας,
451 1321 628 1379 τετράδι
657 1322 853 1376 λέγοντες
883 1319 1021 1364 αὐτὸν
1049 1322 1274 1377 γεγονέναι
1301 1317 1416 1361 κατὰ
1444 1317 1527 1371 τὴν

0 1398 1 1426 ἒ
49 1393 312 1450 παροιμίαν,
355 1392 413 1444 ὠς
455 1391 605 1443 ἄλλοις
649 1393 887 1435 πονοῦντα.
943 1386 1128 1448 ’ὕστερον
1171 1391 1217 1433 δὲ
1265 1392 1341 1432 καὶ
1391 1387 1526 1440 αὐτὸς

0 1492 1 1521 3
47 1462 311 1518 ἠγωνίσατο.
382 1467 490 1507 Dicit
545 1467 672 1520 igitur
723 1466 793 1506 hic
842 1465 1146 1507 Grammaticus
1201 1466 1525 1519 Aristophanem

50 1551 150 1591 prae
187 1538 436 1579 verecundia
478 1550 559 1578 non
605 1536 740 1590 ipsum
782 1549 902 1578 suum
947 1549 1099 1577 nomen
1139 1537 1250 1589 apud
1287 1541 1526 1590 praetorem

48 1608 282 1662 professum
321 1622 436 1657 esse,
474 1608 549 1648 sed
580 1608 818 1649 Callistrato
857 1611 900 1648 et
930 1607 1153 1648 Philonide
1189 1608 1310 1657 (iure
1345 1609 1526 1661 primum

52 1680 187 1718 locum
216 1679 361 1718 tribuit
390 1679 657 1730 Callistrato)
687 1692 808 1719 usum
839 1691 954 1728 esse,
996 1679 1067 1731 qui
1095 1679 1226 1731 ipsius
1257 1679 1419 1718 fabulas
1450 1678 1526 1718 do-

51 1754 208 1791 cerent.
282 1749 468 1801 Denique
503 1750 546 1790 in
576 1751 659 1790 fine
688 1751 801 1790 illius
833 1749 941 1790 vitae
972 1762 1013 1802 p.
1043 1748 1128 1789 545
1159 1749 1264 1789 haec
1304 1750 1525 1802 leguntur.

47 1815 309 1873 “Υποκριταὶ
353 1813 715 1873 Ἀριστοᾳάνους
760 1814 1097 1873 Καλλίστρατος
1139 1818 1216 1859 καὶ
1262 1815 1528 1868 Φιλωνίδης,

51 1886 118 1929 δι
145 1888 209 1929 052
247 1886 451 1929 ἐδίδασκε
491 1886 546 1929 τὰ
583 1884 791 1944 δράματα
821 1885 1003 1940 ἑαυτοῦ,
1046 1885 1122 1929 διὰ
1156 1890 1238 1943 μὲν
1272 1887 1526 1931 Φιλωνίδου

49 1956 105 2000 τὰ
124 1955 364 2014 δημοτικά,
393 1957 468 2000 διὰ
489 1958 543 2000 δὲ
567 1955 908 2015 Καλλιστράτου
937 1956 993 1999 τὰ
1023 1954 1237 2001 ἰδιωτικοὶ.
1295 1963 1526 2003 Confirmat

48 2031 118 2071 hic
155 2044 320 2084 quoque
361 2032 499 2082 locus,
539 2033 592 2072 de
629 2045 710 2085 quo
749 2036 894 2085 postea
932 2032 1095 2073 dicetur
1125 2033 1376 2082 accuratius,
1407 2034 1524 2086 prius

50 2102 270 2142 Callistrati
302 2105 467 2143 nomine
496 2116 616 2144 usum
647 2115 740 2143 esse
769 2103 1111 2156 Aristophanem:
1142 2103 1217 2143 sed
1246 2104 1328 2144 hoc
1358 2105 1525 2156 quidem

50 2173 297 2221 testimonio,
329 2187 422 2214 cum
442 2175 621 2227 primum
651 2174 754 2214 illud
785 2175 839 2214 sit
869 2174 1255 2227 locupletissimum,
1285 2174 1410 2214 facile
1427 2187 1523 2227 pos«

49 2254 191 2282 sumus
222 2256 379 2283 carere.
565 2249 567 2252 ’
837 2295 843 2297 ¹

165 2313 361 2351 Eiusdem
400 2313 626 2352 Callistrati
664 2326 814 2353 nomen
853 2314 1042 2353 adhibuit
1078 2313 1380 2366 Aristophanes
1417 2325 1524 2354 anno

50 2384 145 2432 post
175 2382 338 2434 Olymp.
370 2382 624 2424 LXXXVIII
654 2384 680 2422 2
711 2396 804 2423 cum
834 2383 1095 2436 Babylonios
1124 2385 1381 2437 scripsisset,
1413 2385 1523 2437 quod

49 2455 209 2491 constat
239 2465 320 2492 non
352 2452 477 2517 dubio
509 2452 647 2493 Photii
677 2467 717 2506 p.
731 2453 816 2493 499
849 2455 869 2493 l
904 2459 946 2494 et
975 2455 1130 2496 Suidae
1159 2456 1398 2495 testimonio
1428 2453 1522 2494 Σα-
1529 2475 1531 2477 -

47 2515 163 2573 μίων
191 2516 215 2558 ὁ
245 2518 403 2573 δημος’
442 2547 496 2554 --
537 2519 638 2569 τοὶς
669 2521 714 2562 δὲ
745 2521 1064 2576 Βαβυλωνίους
1092 2520 1264 2574 ἐδίδαξε
1293 2522 1370 2564 διὰ
1403 2524 1523 2565 Καλ

48 2585 283 2642 λιστράτοι
314 2586 651 2645 Ἀριστοφάνης
688 2589 802 2632 ἔτεσι
843 2591 928 2648 πρὸ
970 2592 1048 2634 τοῦ
1076 2590 1317 2635 Εὐκλείδου
1354 2591 1418 2635 κὸ’
1449 2595 1521 2635 ἐπὶ

49 2654 273 2709 Εὐκλέους.
350 2663 510 2703 Rursus
549 2677 657 2704 anno
697 2669 792 2717 post
833 2665 1000 2720 Olymp.
1038 2666 1295 2709 LXXXVIII
1335 2667 1362 2707 3
1410 2668 1520 2708 idem

48 2729 302 2773 Callistratus
341 2733 629 2786 Aristophanis
666 2735 963 2776 Achomenses
1003 2737 1167 2786 docuit,
1203 2738 1315 2791 quod
1359 2743 1520 2779 constat
