1716 3164
217 168 302 210 912
728 169 1168 214 ARISTOPHANES.

217 292 299 320 res.
368 279 419 318 At
457 290 536 318 non
579 278 677 319 licet
715 283 874 319 temere
903 280 1211 322 didascaliarum
1243 282 1365 324 tidem
1396 283 1660 334 labefactare,

217 348 326 400 quod
356 348 389 386 si
420 346 568 386 seceris
598 349 732 389 omnia
760 350 923 389 omnino
952 349 1214 389 fundamenta
1254 353 1497 394 subtraxeris
1533 356 1661 394 inter-

217 417 436 469 pretationi
466 418 769 469 cognitionique
798 418 1039 457 accuratiori
1061 419 1209 458 veteris
1227 421 1382 460 Atticae
1412 423 1660 462 comoediae.

219 486 361 536 ltaque
388 485 466 525 hoc
494 486 657 536 quidem
695 487 776 527 iam
813 492 967 527 certum
1005 488 1057 527 sit
1087 487 1408 539 dubitationique
1446 496 1661 539 exemtum,

219 554 382 606 Olymp.
426 554 636 594 LXXXIX
677 555 703 595 2
746 556 1061 608 Aristophanem
1104 557 1203 596 duas
1248 558 1368 597 simul
1416 559 1661 607 comoedias,

226 622 376 676 Vespas
407 627 447 662 et
476 623 735 677 Proagonem
766 626 970 664 Philonidi
1000 626 1212 665 tribuisse:
1252 631 1364 666 recte
1395 627 1502 665 enim
1531 626 1664 666 homi-

218 705 291 733 nes
322 693 430 732 docti
459 697 687 733 statuerunt
717 694 970 745 Proagonem
1008 707 1087 734 non
1114 695 1341 735 Philonidis
1370 695 1542 746 aliquam
1573 706 1664 735 esse

219 762 493 810 comoediam,
533 763 635 801 nulli
675 762 900 815 cognitam,
938 762 1010 801 sed
1041 764 1217 803 nobilem
1243 764 1354 804 illam
1384 764 1665 816 Aristophanis

219 830 412 870 fabulam.
471 830 628 869 Deinde
645 832 805 883 Olymp.
820 831 912 870 XCI
943 833 969 870 2
998 832 1299 884 Amphiaraum
1321 846 1394 885 per
1409 833 1665 872 Philonidem

219 900 371 948 docuit,
401 898 480 938 vid.
512 899 818 940 didascahAw.
844 893 949 937 Ἐπὶ
982 897 1186 953 Χαβρίου
1214 897 1264 940 τὸ
1295 899 1440 955 δρᾶμα
1471 900 1666 948 καθῆκεν

218 962 277 1014 εἷς
308 963 421 1006 ἄστυ
451 964 526 1005 διὰ
546 963 892 1020 Καλλιστράτου,
921 961 981 1014 εἷς
1010 967 1054 1007 δὲ
1072 966 1248 1018 Λήναια
1279 967 1355 1008 τὸν
1383 966 1666 1023 ’Λμφιάραον

217 1035 387 1086 ἐδίδαξε
419 1033 493 1074 διὰ
527 1034 788 1077 Φιλωνίδου.
843 1037 1068 1078 Philonidis
1098 1053 1244 1079 nomen
1274 1052 1415 1080 rursus
1445 1040 1594 1092 legitur
1622 1040 1665 1079 in

218 1106 436 1147 didascalia
468 1108 695 1146 Ranarum:
723 1101 970 1158 Ἐδιδάχθ-ι]
999 1105 1068 1145 ἐπὶ
1093 1104 1290 1147 Καλλίου
1318 1105 1395 1146 τοῦ
1426 1103 1534 1159 μιτὰ
1560 1103 1665 1145 ’Λν-

217 1176 362 1227 τιγένη
395 1172 466 1214 διὰ
484 1172 732 1214 Φιλωνίδου
759 1169 1027 1223 εἶςΛήναια·
1057 1174 1223 1229 πρῶτος
1238 1166 1305 1225 ἦν,
1330 1174 1542 1228 Φρύνιχος
1567 1169 1667 1212 δεύ-

220 1258 337 1297 τερος
357 1240 573 1294 ιὟΙουσαις,
606 1239 793 1283 Πλάτων
824 1241 964 1297 τρίτος
995 1242 1262 1298 Κλεοφῶντι.
1287 1246 1427 1297 Itaque
1443 1243 1661 1284 01.XC111

219 1316 246 1353 3
278 1315 502 1354 Philonidis
532 1328 655 1366 opera
686 1327 783 1354 usus
814 1319 876 1353 est
906 1315 1211 1366 Aristophanes·
1281 1316 1335 1354 Et
1363 1314 1466 1354 haec
1495 1313 1661 1365 quidem

220 1389 332 1423 certa
370 1389 463 1423 sunt
514 1390 556 1423 et
591 1384 944 1435 grammaticorum
985 1384 1225 1422 auctoritate
1269 1383 1450 1422 firmataz
1497 1384 1575 1421 iam
1614 1381 1666 1421 ad

220 1454 342 1492 dubia
379 1454 599 1492 veniamus.
675 1452 827 1491 Doctus
866 1451 937 1490 ille
987 1452 1148 1502 fideque
1185 1451 1330 1503 dignus
1366 1451 1666 1503 grammaticus,

220 1522 318 1561 dicit
347 1535 386 1573 p.
416 1522 526 1560 537:
565 1518 640 1567 τὰς
678 1521 758 1572 μὲν
785 1517 866 1573 γὰρ
895 1518 1117 1567 πολιτικὰς
1145 1517 1280 1574 τούτῳ
1309 1514 1666 1573 (Καλλιστράτῳ)

220 1590 360 1644 φασὶν
390 1586 524 1628 αὐτὸν
554 1585 738 1637 διδόναι,
767 1587 820 1628 τὰ
851 1588 896 1627 δὲ
925 1584 1022 1627 κατ’
1061 1585 1294 1642 Εὐριπίδου
1322 1588 1395 1627 καὶ
1411 1584 1667 1640 Σωκράτους

224 1656 460 1713 Φιλωνίδῃ.
519 1660 645 1699 Cuius
674 1659 924 1711 grammatici
954 1659 1078 1698 fidem
1109 1671 1188 1697 uon
1220 1659 1431 1698 sublevant
1462 1671 1532 1706 ea,
1564 1668 1668 1708 quae

220 1729 413 1780 leguntur
449 1729 489 1768 in
530 1729 612 1767 fine
646 1730 752 1767 vitae
789 1728 997 1779 Aristoph.
1027 1741 1066 1779 p.
1097 1727 1202 1766 545:
1241 1722 1500 1780 ίΥποκριταὶ
1539 1719 1669 1777 Ἀρι·

221 1792 468 1850 στοιμὲνους
502 1793 826 1851 Καλλίστρατος
862 1795 935 1835 καὶ
969 1792 1216 1844 Φιλωνίδης
1273 1793 1341 1836 δι’
1369 1788 1430 1834 ὦν
1468 1791 1667 1833 ἐδίδασκε

219 1863 275 1904 τὰ
305 1861 505 1918 δράματα
535 1862 712 1915 ἑαυτοῦ,
754 1863 830 1904 διὰ
857 1866 936 1917 μὲν
968 1861 1215 1906 Φιλωνίδου
1244 1863 1297 1903 τὰ
1328 1859 1563 1917 δημοτικά,
1593 1859 1667 1902 διὰ

220 1934 266 1973 δὲ
306 1924 638 1987 Καλλιστράτου
676 1931 729 1972 τὰ
765 1928 972 1975 ἰδιωτικά.
1039 1934 1270 1974 Meinekius
1313 1933 1440 1972 voluit
1479 1938 1666 1984 transpo-

220 2004 354 2043 nendo
385 2005 485 2042 haec
515 2005 741 2056 corrigere,
777 2009 822 2043 ut
850 2005 928 2043 iam
959 2015 1051 2042 cum
1087 2002 1168 2041 illis
1204 2006 1501 2052 congruerent:
1539 2005 1579 2040 at
1616 2001 1668 2041 de

219 2073 341 2112 huius
384 2072 606 2111 testimonii
648 2074 889 2112 auctoritate
929 2072 1086 2111 dicetur
1127 2069 1246 2109 infra.
1331 2069 1437 2109 Illud
1479 2069 1667 2122 profecto

219 2146 333 2181 recte
371 2141 601 2192 prodidisse
639 2141 866 2180 censendus
914 2144 976 2179 est
1019 2138 1325 2191 grammaticus,
1376 2139 1443 2188 qui
1490 2151 1587 2177 vera
1626 2141 1667 2177 et

219 2214 332 2249 recta
361 2209 519 2248 referre
549 2209 667 2257 solet,
695 2209 948 2247 Philonidem
980 2208 1166 2247 docuisse
1197 2220 1244 2245 ea
1261 2207 1543 2258 Aristophanis
1575 2206 1666 2245 dra-

218 2284 347 2326 mata,
392 2291 495 2329 quae
537 2278 788 2330 potissimum
826 2279 868 2317 in
910 2277 1150 2327 Euripidem
1190 2280 1231 2314 et
1271 2276 1479 2315 Socratem
1517 2275 1668 2326 scripta

219 2353 360 2387 erant:
388 2348 468 2386 iam
500 2348 579 2386 etsi
611 2348 722 2386 nulla
751 2346 840 2386 fere
863 2345 1141 2397 Aristophanis
1171 2344 1382 2383 comoedia
1412 2347 1487 2392 est,
1518 2344 1558 2383 in
1589 2355 1668 2394 qua

218 2417 451 2469 pepercerit
479 2417 668 2467 Euripidi
698 2416 810 2464 (nam
842 2414 906 2453 vel
937 2427 1010 2453 eae
1039 2413 1223 2461 fabulae,
1253 2425 1353 2463 quas
1382 2425 1404 2451 a
1433 2413 1665 2452 Callistrato

219 2485 455 2524 commissas
473 2498 564 2525 esse
593 2488 763 2532 constat,
794 2495 980 2534 quaeque
1004 2482 1082 2521 alio
1106 2481 1290 2529 tendunt,
1322 2487 1456 2520 tamen
1478 2479 1666 2533 gravissi-

219 2566 304 2592 mas
322 2554 528 2605 Euripidis
546 2555 779 2593 vexationes
810 2551 1031 2598 continent,
1062 2549 1174 2589 velut
1194 2549 1498 2597 Acharnenses)
1529 2552 1665 2586 tamen

220 2626 296 2670 cst,
325 2633 429 2671 quae
460 2623 578 2661 unice
609 2622 687 2661 hoc
717 2626 809 2674 agat
837 2619 1174 2672 propositumque
1203 2618 1370 2663 habeat,
1400 2615 1563 2664 Ranae,
1594 2627 1663 2654 co-

219 2689 379 2730 moedia
427 2691 697 2739 nobilissima,
750 2701 870 2742 quam
911 2686 1226 2739 Aristophanem
1277 2684 1481 2725 Philonidi
1541 2682 1686 2724 tradiss.
