1716 3164
230 166 312 205 9⁰6
726 166 1165 213 ARlSTOPl-IANES.

347 270 422 325 Οὔ,
451 270 553 327 πρὶν
580 270 625 326 γ’
656 268 712 314 ἂν
739 271 943 330 Ἰοφῶντ’
971 273 1207 329 ἀπολαβών
1234 277 1369 321 αὑτὸν
1395 277 1532 334 μόνον

341 338 443 382 ἄνευ
470 341 743 396 Σοφοκλέους
772 337 801 384 ὅ
826 357 867 384 τι
895 348 1014 385 ποιεῖ
1035 343 1278 391 κωδωνίσω.

233 413 311 452 Ubi
326 412 566 452 scholiasta:
598 411 882 468 Κωμῳδεῖται
908 411 1072 469 Ἰοφῶν
1100 412 1124 456 ὁ
1150 414 1241 464 υἱὸς
1255 416 1524 471 Σοφοκλέους
1544 416 1598 467 ὡς
1613 417 1666 459 τὰ

230 478 308 519 τοῦ
344 478 506 533 πατρὸς
541 480 687 532 λέγων.
755 484 871 524 Adde
911 486 1078 526 Suidam
1110 480 1274 539 Ἰοφῶν
1301 511 1356 519 —
1385 485 1584 540 δράματα
1622 488 1667 528 δὲ

228 545 386 604 Ἰοφῶν
413 547 582 601 ἐδίδαξε
614 547 662 599 ν’,
690 542 752 590 ὦν
780 550 899 591 ἐστὶν
923 549 1162 607 Ἀχιλλεύς,
1198 550 1402 607 Τήλεφος,
1439 552 1666 607 Ἀκταίων,

227 615 361 658 Ἰλίου
390 619 548 672 πέρσις,
579 616 834 673 Δεξαμένός,
866 619 1049 676 Βάκχαι,
1081 620 1297 670 ΙΙὲνθεύς,
1327 623 1402 663 καὶ
1431 620 1542 664 ἄλλα
1571 623 1668 664 τινὰ

227 686 306 728 τοῦ
332 688 497 743 πατρὸς
525 688 810 744 Σοφοκλέους.
870 693 1020 733 Contra
1050 693 1239 742 fuerunt,
1270 695 1351 745 qui,
1382 695 1527 734 mirum
1559 707 1668 743 sane,

227 758 292 797 vel
322 759 564 811 Antigonam
582 760 798 811 Sophoclis
829 761 925 800 huic
958 762 1147 813 lophonti
1177 763 1441 812 vindicarent,
1472 763 1549 803 vid.
1569 765 1666 803 Cra-

227 828 329 866 meri
351 829 504 869 Anecd.
534 829 612 868 vol.
631 829 686 870 1V
716 842 756 882 p.
774 830 855 869 315
884 831 959 870 22:
988 827 1128 868 πολλὰ
1154 828 1427 884 νοθευόμενά
1454 829 1584 879 ἐστιν,
1611 826 1669 878 ὠς

226 891 252 944 ἡ
280 895 553 950 Σοφοκλέους
587 892 844 948 Ἀντιγόνη,
876 896 1043 950 λέγεται
1071 896 1153 954 γὰρ
1181 890 1289 939 εἶναι
1332 897 1563 953 Ἰοφῶντος
1591 897 1669 939 τοῦ

225 964 499 1018 Σοφοκλέους
538 965 647 1007 υἱοῦ.
714 968 900 1019 Denique
931 970 1148 1021 Euripides
1180 983 1340 1022 quoque
1369 970 1529 1009 videtur
1557 969 1667 1009 simi-

226 1035 320 1074 liter
349 1036 534 1087 Euripidi
564 1037 709 1076 minori
739 1038 932 1077 nonnulla
963 1039 1142 1078 dramata
1175 1039 1444 1087 concessisse,
1483 1038 1563 1077 vid.
1594 1039 1665 1077 vit.

225 1105 368 1157 Eurip.
409 1106 516 1157 apud
554 1106 793 1146 Elmsleium
823 1107 972 1146 Bacch.
1003 1121 1043 1159 p.
1074 1109 1181 1147 173:
1218 1102 1421 1159 νεώτερον
1461 1104 1504 1145 δὲ
1534 1101 1667 1158 Εὐρι-

166 1210 176 1213 -
226 1170 359 1221 πὶδην
388 1167 436 1220 ὃς
464 1170 634 1223 ἐδίδαξε
662 1171 740 1213 τοῦ
768 1173 930 1227 πατρὸς
959 1172 1051 1215 ἔνια
1094 1172 1311 1228 δράματα.
1378 1177 1522 1226 Neque
1559 1175 1667 1213 enim

224 1244 328 1284 haec
356 1243 574 1283 referenda
602 1243 792 1284 videntur
831 1245 882 1284 ad
918 1245 1030 1285 illam
1069 1246 1338 1298 teti-alogiam,
1378 1257 1495 1296 quam
1537 1243 1665 1283 schol.

223 1314 431 1366 Aristoph.
471 1313 620 1353 Ranar.
650 1314 703 1352 67
741 1311 1050 1363 commemorat,
1086 1314 1190 1355 haee
1228 1318 1335 1355 enim
1373 1314 1470 1354 licet
1506 1318 1665 1353 mortuo

223 1383 444 1435 Euripide,
480 1387 615 1423 tamen
654 1384 741 1422 eius
778 1384 942 1423 nomine
981 1388 1043 1426 est
1079 1385 1307 1424 commissa.
1376 1385 1519 1434 Neque
1547 1383 1666 1421 aliter

223 1452 518 1504 Aristophanes
547 1453 759 1492 Ararotem
789 1453 918 1492 filium
956 1458 1002 1493 ut
1032 1454 1184 1505 populo
1223 1453 1546 1501 commendaret,
1581 1452 1665 1491 ius-

225 1521 282 1560 sit
318 1522 513 1562 Cocalum
551 1524 592 1559 et
623 1521 934 1561 Aeolosiconem
976 1523 1139 1572 docere,
1172 1535 1270 1574 quas
1309 1523 1398 1574 ipse
1436 1522 1665 1573 scripsisset

223 1589 402 1630 fabulas:
431 1603 509 1642 qua
539 1590 590 1629 de
619 1603 664 1629 re
694 1591 774 1629 dixi
803 1589 922 1630 infra.

334 1659 398 1700 Ad
426 1660 715 1712 impedimenta
744 1660 826 1708 illa,
858 1673 960 1711 quae
990 1659 1188 1707 recensui,
1219 1658 1435 1698 accederet
1463 1671 1565 1698 nova
1593 1658 1666 1697 ali-

225 1741 303 1780 qua
339 1729 650 1780 importunitas,
681 1729 713 1767 si
744 1730 808 1768 lex
838 1730 926 1778 illa,
974 1742 1091 1780 quam
1123 1733 1413 1768 commemorat
1450 1728 1666 1767 scholiasta

223 1798 508 1850 Aristophanis
533 1799 638 1838 Nub.
669 1812 704 1837 v.
735 1799 819 1837 530
849 1800 889 1848 ⁶)
927 1812 979 1838 ne
1010 1800 1097 1850 quis
1127 1800 1309 1852 triginta
1345 1790 1454 1850 (sive
1488 1797 1666 1850 quadra-

222 1866 372 1922 ginta)
404 1869 517 1907 almis
547 1867 677 1907 minor
705 1867 882 1907 fabulam
914 1869 1095 1917 doceret,
1125 1873 1220 1906 tunc
1250 1867 1421 1907 Athenis
1452 1867 1665 1919 viguisset:

224 1941 264 1978 at
292 1951 371 1977 non
399 1937 547 1977 iniuria
576 1937 760 1976 homines
790 1938 911 1986 docti,
959 1938 1037 1977 vid.
1069 1937 1250 1977 Meinek.
1279 1938 1358 1975 vol.
1386 1936 1403 1974 1
1431 1949 1472 1988 p.
1504 1936 1584 1974 1⁰4
1614 1935 1667 1976 de

223 2007 531 2047 scholiastarum
561 2006 724 2045 illorum
754 2007 837 2045 fide
867 2007 1071 2055 dubitant,
1099 2006 1195 2045 satis
1225 2006 1331 2044 enim
1362 2017 1565 2057 superque
1595 2019 1666 2058 ap-

224 2081 354 2128 paret,
383 2075 475 2113 illos
505 2075 802 2126 grammaticos,
833 2089 924 2116 cum
955 2081 1089 2115 aetate
1116 2076 1395 2127 provectiores
1425 2075 1665 2127 plerumque

224 2146 266 2186 in
296 2144 492 2184 concione
524 2145 646 2184 verba
675 2144 823 2183 fecisse
853 2150 1090 2192 constaret,>
1108 2145 1282 2183 eundem
1313 2156 1466 2182 morem
1497 2145 1548 2183 ad
1576 2157 1663 2184 sce-

226 2215 338 2255 nicos
375 2218 518 2266 poetas
556 2214 727 2254 licenter
773 2214 988 2255 admodum
1028 2214 1301 2254 transtulisse:
1338 2217 1380 2251 at
1421 2217 1466 2252 ut
1501 2213 1662 2253 concio-

317 2357 349 2400 ‘)
379 2355 481 2391 Οὔπω
506 2357 684 2400 ἐπέτρεπον
707 2353 839 2400 ὶμαυιῷ
863 2354 902 2389 τὸ
930 2356 1079 2400 δημοσίᾳ
1113 2357 1221 2400 λέγειν
1253 2351 1311 2389 διὰ
1333 2352 1373 2389 τό
1405 2355 1479 2387 νέον
1500 2356 1562 2396 τῆς
1583 2348 1662 2397 ἧλι-

226 2416 320 2457 ulae,
345 2414 386 2450 οὗ
407 2415 472 2459 γὰρ
495 2418 631 2459 πρῶτον
656 2412 711 2447 δι’
737 2411 860 2449 ἑαυιοῖι
884 2417 1003 2448 καθίει
1024 2411 1067 2448 τὰ
1092 2412 1249 2459 δράματα
1281 2406 1300 2446 ό
1326 2412 1469 2456 ποιητὴς
1489 2409 1661 2456 εὖλαβού-

225 2486 348 2519 μενος,
382 2471 451 2508 ἀπὸ
483 2475 519 2507 δὲ
551 2470 619 2506 τῶν
644 2468 794 2506 ‘Innf'wv
821 2473 946 2518 ἤρξατο
971 2476 1120 2506 εἰσιέναι.
1169 2470 1274 2517 νόμος
1298 2474 1334 2506 δὲ
1357 2470 1399 2515 ἦν
1422 2471 1470 2516 μὴ
1496 2473 1661 2504 εἰσελθεῖν

226 2529 301 2567 τινὰ
319 2534 425 2567 εἰπεῖν
447 2529 547 2577 μήπω
569 2532 823 2577 τεσσαράκοντα
847 2535 902 2575 ἴτη
927 2533 1107 2576 γεγονότα,
1132 2528 1176 2571 ὥς
1199 2533 1237 2565 δέ
1256 2545 1343 2570 τινες
1365 2529 1561 2575 τριάκοντα.
1615 2529 1660 2564 Et

227 2591 318 2626 idem
342 2592 384 2625 ad
407 2592 535 2626 v.5022
558 2589 681 2636 Νόμος
702 2589 744 2634 ἦν
759 2587 977 2634 Ἀθηναίοις
1001 2589 1106 2635 μήπω
1130 2587 1205 2624 τινὰ
1230 2591 1311 2625 hair
1334 2588 1361 2622 λ’
1386 2584 1550 2632 γεγονότα
1572 2585 1659 2630 μήτε

227 2647 342 2696 δρᾶμα
365 2646 607 2692 ἇναγινώσκειν
631 2653 666 2684 ἐν
689 2651 827 2697 θιάτρῳ
850 2648 937 2696 μήτε
964 2653 1184 2696 δημηγορεῖν.
1216 2669 1260 2677 -·-
1288 2645 1409 2691 ἔπ’βᾶς
1443 2647 1479 2680 <5³
1505 2647 1571 2689 ἤδη
1594 2649 1657 2681 τοῦ

229 2709 255 2746 λ’
279 2711 372 2748 ἔτους
395 2709 453 2743 καὶ
474 2711 576 2743 τοῦτο
602 2710 643 2754 δὴ
661 2709 702 2745 τὸ
724 2713 792 2747 τῶν
816 2711 980 2756 Νεφελῶν
1002 2708 1146 2754 ποιήσας
1172 2708 1223 2745 δι’
1247 2709 1371 2743 ἑαυτοῦ
1395 2705 1558 2741 διδάσκει.
