1716 3158
1634 0 1711 165 ἒ

177 192 261 235 oso
675 190 1116 233 AmsrornAan

176 305 310 359 primo
338 304 430 344 loco
459 301 678 354 leguntur=
714 303 861 343 leviter
900 302 1118 354 depravata
1154 302 1212 341 sic
1240 302 1483 355 corrigenda
1512 306 1630 343 sunt:
1710 343 1713 354 ,

179 369 451 427 Διήχθρευσε
488 366 539 409 δ’
571 366 689 427 αὐτῷ
718 367 742 410 ὁ
774 365 1125 424 Ἀριστοφάνης,
1164 367 1310 420 ἐπειδὴ
1354 369 1493 421 ξενίας
1530 367 1627 411 κατ’
1684 363 1713 418 7}

181 437 320 482 αὑτοῦ
358 436 535 494 γραφὴν
578 435 765 489 ἔθετο,
809 433 898 479 ὅτι
941 437 987 478 ἐν
1024 434 1215 492 δράματι
1257 435 1391 479 αὐτοῦ
1418 439 1632 492 Βαβυλω-

180 507 290 558 νίοις
331 507 503 561 διέβαλε
538 507 627 549 κτλ.
702 510 795 550 Hoc
835 511 941 550 enim
980 510 1097 559 dicit,
1136 522 1258 562 aegre
1297 509 1439 548 tulisse
1477 513 1633 551 Aristo-
1691 437 1716 558 ὲ,

180 581 382 634 phanem‚
425 580 533 631 quod
572 580 816 632 peregrinae
855 579 1023 631 originis
1064 580 1217 618 crimen
1258 579 1387 618 Cleon
1426 578 1467 618 in
1503 580 1635 630 ipsum
1696 574 1703 605 ἶ

183 649 433 698 coniecerit,
463 649 531 700 qui
566 649 730 701 quidem
761 650 1041 688 succensuerit
1071 648 1331 699 Aristophani
1363 651 1531 699 propter
1560 649 1638 687 Ba·
1699 689 1707 703 .>

184 720 406 772 bylonion:
449 723 491 757 et
520 722 607 757 tum
636 718 810 766 indicat,
847 731 927 769 quo
963 718 1051 756 iure
1079 717 1372 768 Aristophanes
1401 716 1640 768 peregrinus
1707 728 1716 751 ἰ

183 788 369 843 potuerit
420 788 564 827 videri.
642 788 899 826 Conveniunt
936 787 1062 838 igitur
1105 787 1208 825 haec
1247 787 1411 826 omnino
1451 798 1540 825 cum
1575 787 1640 835 iis,
1687 734 1716 892 ἐ

187 871 293 910 quae
334 857 424 908 ipse
453 860 577 907 poeta
619 857 789 907 eiusque
817 856 1063 907 interpretes
1101 856 1152 895 de
1181 856 1259 894 hac
1287 868 1332 894 re
1359 855 1641 906 prodiderunt,
1697 843 1716 900 J

183 926 265 968 nisi
294 925 403 978 quod
442 925 509 964 hic
556 926 844 977 grammaticus
883 925 1063 964 breviter
1093 925 1308 975 minusque
1339 930 1526 964 accurate
1554 938 1642 964 rem

186 996 380 1048 exponit,
408 995 547 1046 itaque
576 995 748 1046 primam
779 1007 960 1044 causam,
991 1006 1163 1045 eamque
1193 994 1490 1045 gravissimam,
1521 1006 1642 1045 quam
1706 1020 1708 1025 =

187 1067 319 1108 cleon
356 1064 621 1116 Aristophani
670 1064 845 1104 intendit
884 1067 1125 1115 propterea,
1173 1063 1282 1114 quod
1320 1063 1474 1114 populo
1515 1064 1642 1102 male-

189 1135 370 1182 dixisset,
401 1146 568 1186 prorsus
598 1134 885 1186 praetermisit.
943 1133 1103 1174 Deinde
1132 1133 1292 1184 pergit:
1325 1127 1645 1179 ’Λπολυθῆναι

188 1201 235 1243 δὲ
265 1199 400 1242 αὐτὸν
429 1196 610 1242 εἰπόντα
642 1198 824 1249 ἀστείως
853 1200 896 1241 ἐκ
926 1199 1004 1240 τοῦ
1028 1196 1226 1253 “Ομήρου
1254 1197 1412 1238 ταῦτα·

303 1267 468 1324 ,Μήτηρ
495 1270 575 1324 μέν
604 1265 645 1310 τ’
678 1268 752 1323 ἐμέ
782 1283 891 1324 φησι
922 1268 1000 1309 τοῦ
1030 1266 1234 1323 ἔμμεναι·
1265 1265 1404 1323 αὐτὰρ
1434 1265 1562 1321 ἔγωγε
1689 1233 1716 1366 ξ

302 1335 381 1381 οὐκ
411 1332 524 1380 οἶδ’·
553 1334 604 1379 οὐ
635 1336 718 1394 γὰρ
746 1336 810 1379 πώ
843 1353 906 1387 τις
934 1337 1005 1379 ἑὸν
1028 1335 1158 1391 γόνον
1186 1334 1317 1387 αὐτὸς
1347 1334 1521 1389 ἀνέγνω.

189 1411 338 1454 Fidem
377 1411 443 1451 his
480 1410 732 1460 abiudicant,
779 1415 822 1450 et
859 1412 962 1452 haec
998 1411 1134 1450 omnia
1170 1410 1444 1462 Aristophane
1479 1409 1647 1461 indigna

189 1482 441 1524 existimant:
480 1479 581 1519 mihi
609 1493 707 1520 vero
739 1493 857 1522 secus
881 1480 1072 1522 videtur:
1103 1486 1278 1531 namque
1308 1480 1480 1520 Athenis
1509 1479 1550 1519 in
1580 1480 1643 1519 iu·
1713 1464 1716 1477 ἐ

192 1551 311 1593 diciis
340 1551 467 1591 multa
507 1562 631 1602 saepe
669 1549 842 1590 ridicula
879 1549 1196 1602 proferebantur
1226 1550 1277 1589 ad
1305 1550 1485 1590 iudicum
1515 1549 1649 1602 gravi-

192 1623 321 1662 tatem
350 1618 639 1668 molliendam,
678 1620 926 1671 minimeque
964 1619 1157 1659 abhorret
1186 1620 1235 1658 ab
1265 1619 1549 1670 Aristophanis
1580 1631 1650 1657 co-

192 1690 290 1731 mici
319 1694 469 1743 poetae
499 1688 679 1740 ingenio,
710 1693 875 1741 praeter
904 1688 982 1727 alia
1011 1689 1132 1728 etiam
1163 1688 1363 1728 eiusmodi
1393 1689 1564 1727 dicterio
1589 1689 1650 1743 uti

192 1759 236 1800 in
262 1771 383 1799 causa
399 1758 588 1810 profecto
606 1772 685 1798 non
712 1772 809 1798 sane
830 1759 967 1810 gravi:
998 1758 1078 1796 dici
1108 1763 1244 1799 autem
1274 1759 1338 1797 vix
1355 1761 1503 1809 potest,
1531 1769 1656 1809 quam.

193 1829 280 1870 late
308 1840 407 1871 usus
445 1832 487 1868 et
517 1829 738 1868 auctoritas
767 1828 1082 1868 Homericorum
1120 1828 1342 1867 carminum
1380 1827 1487 1879 apud
1519 1827 1649 1867 Grae-

194 1910 266 1939 cos
295 1898 498 1951 patuerit:
539 1897 783 1937 documento
815 1903 909 1937 sunt
939 1899 1004 1938 vel
1033 1898 1093 1936 illi
1125 1899 1364 1950 scriptores,
1412 1898 1480 1949 qui
1518 1897 1648 1936 claro-

193 1980 285 2008 rum
315 1968 496 2009 virorum
539 1968 646 2007 dicta
689 1970 910 2009 memoriae
947 1969 1255 2011 mandaverunt.
1325 1966 1509 2016 Denique
1547 1965 1651 2005 haec

195 2037 332 2078 addit:
373 2032 580 2089 Δεύτερον
619 2035 664 2075 δὲ
692 2037 766 2077 καὶ
796 2034 942 2091 τρίτον
971 2034 1327 2090 συκοφαντηθεὶς
1354 2030 1547 2087 ἀπέφυγε
1577 2033 1651 2075 καὶ

195 2098 311 2146 οὕτω
342 2104 537 2158 φανερῶς
564 2106 867 2156 κατασταθεὶς
892 2104 1070 2158 πολίτης
1094 2100 1381 2158 κατεκράτησε
1412 2102 1490 2143 τοῦ
1511 2102 1652 2146 Κλέω-

195 2187 295 2225 νος·
326 2168 439 2216 &flav
469 2171 628 2226 φησίν·

417 2239 564 2291 Αὐτός
595 2241 638 2284 τ’
666 2242 856 2297 ἐμαυτὸν
884 2240 968 2284 ὑπὸ
1001 2243 1198 2292 Κλέωνος
1226 2236 1412 2283 ἅπαθον

420 2311 663 2368 ἐπίσταμαι
695 2313 747 2363 δὴ
778 2314 852 2353 καὶ
882 2311 935 2352 τὰ
964 2311 1073 2364 ἑξῆς.

199 2385 318 2437 Quod
356 2385 454 2424 dicit
490 2387 655 2427 tertium
686 2398 847 2438 quoque
886 2386 926 2424 in
966 2386 1029 2425 ius
1069 2388 1257 2424 vocatum
1295 2396 1386 2423 esse
1416 2382 1655 2435 Aristopha-

197 2468 306 2503 nem,
339 2455 441 2495 dixit
472 2456 624 2508 aliquid
644 2457 740 2504 veri,
771 2455 844 2495 sed
875 2455 983 2506 quod
1014 2456 1093 2494 hoc
1110 2467 1272 2506 quoque
1301 2454 1432 2493 refert
1461 2453 1511 2495 ad
1541 2454 1652 2493 illam

201 2524 253 2562 de
284 2525 447 2564 civitate
476 2529 623 2577 poetae
654 2527 947 2577 quaestionem,
980 2530 1020 2564 et
1051 2526 1197 2566 eodem
1219 2525 1340 2565 etiam
1362 2524 1483 2565 modo
1498 2523 1654 2563 Achar-

199 2595 388 2634 nensium
419 2595 519 2635 istos
549 2607 691 2640 versus
721 2597 1038 2647 interpretatur,
1069 2595 1109 2634 in
1142 2607 1191 2634 eo
1223 2598 1355 2634 errat:
1385 2604 1558 2642 namque
1588 2591 1659 2630 ille

204 2663 322 2706 locus
352 2669 510 2715 spectat
540 2666 709 2717 primam
738 2666 877 2715 litem,
909 2678 1027 2717 quam
1058 2665 1159 2704 Cleo
1189 2668 1336 2716 poetae
1364 2662 1562 2709 intendit,
1594 2674 1661 2700 se-

201 2733 334 2775 cunda
363 2737 498 2776 autem
530 2747 650 2777 causa
680 2735 760 2777 fuit
791 2736 842 2777 de
874 2734 1089 2790 peregrina
1119 2734 1290 2786 origine.
1337 2733 1389 2772 At
1419 2744 1498 2773 non
1529 2732 1658 2773 conti-
