1716 3164
197 170 307 212 1210
720 157 1134 214 Ammo-manis
1709 135 1716 173 ⁵

195 276 406 322 πύλαισι
461 277 715 322 πακτοῦν.
783 280 857 320 καὶ
900 274 1053 330 πάλιν,
1110 278 1506 326 κάπιπακτοῦν
1548 282 1643 334 τάς

195 347 389 403 θύρας.
445 351 579 403 Vulgo
609 343 638 399 ἢ
665 345 797 390 πάλιν
827 347 914 398 καί,
947 353 1055 403 quod
1085 354 1256 393 correxi.

839 434 1002 476 CLXII.

307 514 560 570 Hesychius:
588 511 997 570 Ἐμπεδορκεΐν·
1027 513 1223 571 εὐορκεῖν.
1275 515 1413 567 παίζει
1446 518 1491 558 δὲ
1517 515 1640 574 Ἀρι-

198 581 419 641 στοφάνης
450 583 568 639 παρὰ
597 581 673 632 τὰς
703 582 849 632 πέδας.

712 670 883 710 CLXIII
914 695 968 702 —
997 670 1156 711 CLXV.

306 739 452 779 Pollux
483 738 520 777 11
552 738 654 776 199:
697 734 762 776 Τά
802 735 846 776 δὲ
887 733 992 790 ὑπὲρ
1030 735 1127 785 τοὺς
1159 734 1394 786 δακτύλους
1420 735 1643 793 κροίματα

194 803 471 861 πταίσματα·
517 803 841 861 Ἀριστοφάνης
880 805 924 845 δὲ
963 806 1036 845 καὶ
1081 806 1490 859 ἐπιπταὶσματα
1531 805 1644 847 αὐτὰ

194 875 328 918 καλεῖ.
356 902 410 909 --
439 877 551 916 Idem
570 877 626 917 VI
656 879 732 916 79:
769 874 833 915 Τά
864 874 908 915 δὲ
937 873 1290 929 ἐπιδορπίσματα
1316 872 1644 931 Ἀριστοφάνης

191 940 589 1000 ἐπιφορήματα
628 944 760 986 καλεῖ.
818 971 871 978 —
931 946 1043 985 Idem
1076 946 1220 986 1142:
1257 941 1643 1001 Ἕτερεγκεφα-

194 1013 312 1063 λᾶν,
352 1010 410 1062 ὥς
441 1010 790 1068 Ἀριστοφάνης,
829 1012 879 1054 τὸ
922 1015 1233 1068 παραφρονεῖν.
1301 1018 1432 1057 Aliam
1469 1017 1642 1057 formam

194 1085 316 1125 affert
346 1084 600 1136 Phrynichus
631 1085 807 1124 Bekkeri
836 1084 989 1124 Anecd.
1023 1085 1040 1123 1
1070 1098 1110 1136 p.
1140 1085 1193 1125 37
1226 1087 1302 1126 17:
1340 1081 1640 1139 Ἐτερεγκεφα-

194 1152 303 1194 λεῖν·
331 1150 381 1193 τὸ
409 1151 649 1207 ἐγκέφαλον
679 1151 821 1206 ἕτερον
848 1153 921 1192 καὶ
946 1149 1007 1205 μή
1030 1146 1080 1192 τὸ
1110 1149 1221 1192 κατὰ
1246 1150 1381 1207 φύσιν
1417 1150 1526 1207 ἔχειν
1554 1152 1642 1194 κτλ.

826 1237 1006 1278 CLXVI.

302 1304 558 1357 Hesychius:
593 1300 939 1358 Ἐτνήρυσις·
981 1302 1154 1357 ἔπαιξεν
1190 1301 1517 1361 Ἀριστοφάνης
1545 1303 1644 1347 ἀντὶ

192 1369 271 1412 τοῦ
299 1370 438 1427 φάναι
468 1371 548 1423 τὴν
570 1372 731 1414 σανίδα
759 1364 838 1425 τὴν
867 1370 1094 1429 ἐτνήρυσιν
1120 1369 1265 1424 εἰπών,
1297 1374 1416 1429 παρὰ
1435 1374 1483 1416 τὸ
1511 1374 1642 1426 ἔτνος.

192 1442 310 1483 Adde
331 1443 607 1495 Phrynichum
645 1446 687 1484 in
717 1445 894 1484 Bekkeri
924 1445 1082 1485 Anecd.
1113 1446 1131 1484 1
1161 1459 1200 1497 p.
1233 1446 1286 1485 39
1321 1447 1396 1486 15:
1432 1442 1640 1501 Ἐτνήρυ-

193 1523 282 1561 σις,
327 1507 353 1560 ἡ
383 1510 434 1550 τὸ
464 1508 583 1558 ἔτνος
612 1510 655 1550 ἐκ
685 1510 760 1561 τῆς
784 1508 945 1566 χύτρας
975 1509 1213 1566 άρύτουσα,
1250 1507 1393 1567 ὠσπερ
1422 1514 1494 1554 καὶ
1524 1510 1641 1564 οἰνή-

193 1594 327 1635 ρυσις,
356 1571 386 1637 ᾗ
412 1578 490 1619 τὸν
520 1571 640 1620 οἶνον
670 1576 895 1660 ἀρύτομεν,
907 1580 1178 1660 ζωμήρυσις,
1208 1589 1248 1623 et
1276 1598 1314 1636 p.
1345 1585 1399 1624 55
1428 1586 1479 1624 7:
1514 1579 1642 1634 Οινή-

193 1663 333 1706 ρυσις·
373 1645 545 1702 ἀγγεῖόν
584 1663 645 1700 τι,
688 1648 721 1705 ᾠ
763 1648 840 1690 τὸν
878 1648 997 1690 οἶνον
1034 1648 1194 1704 άρυόμε
1177 1651 1291 1702 ε,θα
1338 1647 1483 1707 ὥσπερ
1522 1645 1556 1709 ᾧ
1591 1651 1641 1694 τὸ

195 1717 327 1769 ἔτνος,
357 1707 592 1772 ἓτνήρυσις.
650 1721 842 1759 ceterum
872 1722 912 1760 in
943 1721 1013 1760 illo
1038 1722 1239 1774 Hesychii
1269 1724 1360 1762 loco
1389 1729 1500 1763 recte
1530 1725 1642 1765 vide-

192 1799 260 1832 tur
289 1791 428 1831 Nackc
465 1791 505 1830 in
538 1790 645 1830 Mus.
677 1790 811 1829 Rhen.
847 1791 954 1829 1832
984 1791 1042 1830 111
1073 1805 1113 1843 p.
1144 1792 1226 1831 497
1266 1790 1346 1839 τὴν
1383 1789 1520 1844 αμίδα
1551 1806 1640 1834 cor-

193 1861 361 1900 rexisse.

817 1915 1017 1955 CLXVII.

304 1995 475 2035 Photius
505 2009 544 2048 p.
576 1997 630 2035 30
668 1998 718 2036 6:
765 1992 996 2044 Εὔειλος
1039 1999 1186 2048 (codex
1228 1995 1418 2050 εὕηλος)·
1461 1995 1639 2050 εὐήλιος.

190 2061 532 2120 Ἀριστοφάνης.

812 2121 1036 2163 CLXVIII.

305 2204 475 2244 Suidas:
527 2197 870 2251 Εὐτεθῆσαι’
924 2203 1157 2257 κοσμῆσαι,
1201 2204 1445 2249 συνθεῖναι,
1508 2201 1643 2256 οὕτως

190 2268 531 2325 Ἀριστοφάνης.
605 2273 836 2317 Dindorfius
867 2279 1075 2326 comparat
1105 2276 1213 2326 quod
1243 2281 1305 2315 est
1334 2278 1440 2329 apud
1471 2277 1642 2334 Phryni-

194 2344 316 2384 chum
344 2343 386 2382 iu
416 2342 591 2381 Bekkeri
621 2343 774 2382 Anecd.
806 2343 822 2382 1
853 2345 962 2395 p.40
993 2345 1069 2383 22:
1099 2339 1312 2383 Εὐθετεῖν
1340 2345 1488 2397 νεκρὸν
1516 2346 1565 2386 τὸ
1594 2336 1642 2386 εὖ

194 2411 370 2463 κοσμεῖν
399 2408 444 2449 ἐν
473 2405 628 2462 τάφοις
655 2406 816 2463 νεκρόν.
860 2413 1050 2452 Fortasse
1079 2414 1213 2465 potius
1241 2414 1323 2454 huc
1350 2416 1530 2468 pertinet
1546 2416 1640 2458 1¹01-

195 2481 262 2524 lux
295 2481 333 2523 11
363 2480 438 2520 31:
467 2475 725 2532 Εὐθετῆσαι
753 2477 798 2519 δὲ
827 2477 972 2532 ἔλεγον
1001 2477 1076 2528 τὰς
1106 2478 1263 2536 τρίχας.

710 2563 890 2604 CLXIX.
950 2565 1109 2605 CLXX.

306 2629 452 2678 Pollux
483 2640 540 2681 lx
570 2642 675 2682 162:
722 2637 783 2680 Τὸ
813 2635 922 2694 παρ’
958 2637 1268 2695 Ἀριστοφάνει
1305 2635 1556 2689 εὐκόπως.
1587 2668 1638 2675 -

197 2707 311 2752 Idem
338 2707 397 2750 VI
428 2708 530 2749 161:
556 2704 974 2765 Ἠμιφωσώνιον
1002 2705 1338 2765 Ἀριστοφάνης.
