1716 3164
212 160 323 205 10⁰0
734 156 1144 202 ARISTOPHANIS

211 281 371 327 φησιν·
398 265 485 316 Ὠς
514 261 676 322 σφόδρ’
712 265 782 309 ἐπὶ
813 266 978 309 λεπτῶν
1006 267 1095 310 κτλ.
1155 270 1224 312 Vs.
1256 272 1278 312 1
1316 275 1564 328 compositus
1593 280 1659 318 est

210 343 265 385 ad
301 339 618 386 similitudinem¹
651 339 860 391 Euripidis
904 340 1100 380 Hecubae
1145 353 1182 380 v·
1227 342 1276 382 12
1323 335 1456 383 “wa
1498 343 1660 399 νεκρῶν

207 407 445 463 κευθμῶνα
476 407 549 448 καὶ
579 402 736 448 σκότου
762 402 900 455 πύλας
928 404 1065 447 λιπών
1092 407 1181 448 κτλ.
1220 436 1274 444 --
1318 412 1388 454 Vs,
1418 415 1444 453 2
1473 409 1535 453 ἕν’
1568 408 1652 469 ἀφ’

209 475 388 528 ἑκάστης
415 476 491 528 τῆς
519 477 666 530 τέχνης
695 479 859 530 scripsit
886 479 1091 530 Toupius,
1133 479 1224 518 libri
1254 476 1328 518 ἕνα
1359 477 1409 519 δ’
1442 478 1528 535 ἀφ’
1561 479 1656 523 ἑκά-

208 564 313 600 στης
343 548 507 602 τέχνης,
537 548 711 589 fortasse
740 553 919 600 praestat
949 546 1022 586 ἕνα
1053 545 1134 601 ,ἀρ
1164 544 1249 601 ἀφ’
1278 545 1462 599 ἑκάστης
1491 551 1655 605 τέχνης

207 647 262 654 -.
291 622 362 662 Vs.
385 610 413 660 4
443 613 517 666 οὕς
544 606 681 674 ἧσμεν
707 613 839 665 ὄντας
867 618 1119 726 Tyrwhittu7s
1149 618 1200 657 ad
1230 619 1363 672 Toup.
1394 622 1566 663 Emend.
1599 623 1654 665 1v

206 704 248 744 p.
277 690 360 730 424
390 689 483 729 libri
513 683 848 739 οὐσημένοντας.
887 711 942 718 ——
985 687 1056 727 Vs.
1084 688 1261 740 7vulgo
1290 690 1359 729 uni
1388 690 1490 730 haec
1519 693 1655 733 omnia

206 761 464 807 tribuuntur,
502 763 542 798 at
582 762 766 809 apertum
805 759 866 795 est
906 757 983 795 ista
1021 757 1145 796 verba
1172 749 1316 811 ῶσπερ
1350 756 1649 813 Θρᾳκοφοῖται

206 829 338 875 alteri,
369 828 600 878 quicunque
631 830 717 873 est,
747 825 963 864 tribuenda
994 838 1097 865 esse.
1157 851 1210 858 —-
1257 828 1325 869 Vs.
1356 830 1382 868 9
1426 828 1654 884 τρυγῳδῶν

203 897 416 938 Bentleius
446 896 595 948 Opusc.
610 909 649 948 p.
668 896 749 934 319
782 895 845 934 ed.
864 896 972 947 Lips.
1004 896 1120 936 codd.
1150 894 1395 952 τραγῳδῶν.
1426 918 1480 925 -—-
1512 900 1582 940 Vs.
1601 901 1654 939 10

203 962 386 1007 κυκλίων
416 965 624 1006 Bentleius
651 963 816 1012 ibidem,
847 965 939 1003 libri
968 961 1163 1013 κυλίκων,
1194 967 1285 1006 cod.
1318 967 1402 1006 Pal.
1431 965 1653 1009 κυκλικῶν.

202 1061 260 1068 -—
299 1037 368 1077 Vs.
400 1035 450 1074 11
489 1029 656 1087 οἴχεσθ’
691 1033 805 1081 libri,
843 1034 1018 1073 correxit
1050 1034 1256 1075 Porsonus
1285 1036 1335 1074 ad
1368 1036 1501 1076 Orest.
1533 1038 1654 1078 Euri-

202 1106 287 1159 pid.
318 1105 449 1145 v.682
482 1098 540 1150 ώς
570 1097 623 1140 τά
653 1095 695 1153 y’
728 1096 823 1139 ἀλλ’
856 1096 927 1139 ἐπ’
960 1097 1181 1149 ἀσθενοῦς
1206 1098 1381 1154 “Ρώμης
1410 1099 1652 1157 ὀχούμεθα.

202 1175 403 1217 Conferas
435 1173 577 1212 Galen.
606 1172 812 1222 Protrept.
846 1170 860 1209 1
890 1171 971 1222 p.5
1003 1172 1067 1211 ed.
1100 1173 1230 1224 Lips.:
1262 1167 1553 1224 Ὀχουμένους
1582 1168 1651 1213 ἐπ’

201 1240 389 1283 ἐλπίδων
425 1237 492 1280 ἀεὶ
531 1239 604 1280 καὶ
646 1235 815 1294 θεούσῃ
855 1236 907 1294 τῇ
942 1236 1120 1292 δαίμονι
1150 1240 1434 1288 συνθέοντας.
1501 1244 1556 1283 Et
1592 1245 1652 1284 sic

201 1313 351 1366 legitur
379 1312 420 1352 in
452 1312 664 1364 Epitome:
700 1307 777 1348 καὶ
803 1303 1128 1360 Ἀριστοφάνης
1158 1308 1203 1349 δὲ
1232 1308 1400 1358 λεπτοῖς
1428 1310 1653 1363 καταλέγει

199 1378 486 1434 Σαννυρίωνα
533 1376 757 1433 τραγῳδὸν
796 1376 871 1416 καὶ
913 1376 1107 1416 ,Μελιτον
1157 1379 1230 1418 καὶ
1282 1377 1522 1429 Κινησίαν·
1577 1381 1651 1421 καὶ

199 1447 458 1504 ἇϊδοᾳοίτας
493 1444 671 1494 τούτους
706 1445 845 1494 καλεῖ,
883 1439 955 1493 οἱῖς
996 1460 1107 1500 φησι
1133 1448 1207 1487 καὶ
1237 1447 1306 1488 ἐπὶ
1336 1447 1503 1489 λεπτῶν
1530 1446 1649 1489 ἑλπί-

199 1518 288 1559 δων
316 1516 537 1572 ὀχεῖσθαι.
596 1544 651 1549 —-
708 1518 779 1558 Vs.
813 1517 865 1555 12
890 1514 1034 1571 πολλῷ
1063 1522 1312 1571 corruptum,
1341 1524 1439 1571 puto
1470 1521 1649 1561 scriben-

199 1591 318 1630 dum:
347 1583 403 1638 ἢν
433 1583 599 1633 πολὺς
629 1583 841 1640 ξυνέλθῃ,
871 1590 916 1624 ut
946 1592 1009 1626 est
1039 1588 1144 1639 apud
1179 1588 1393 1628 Horatium
1423 1589 1543 1629 Satir.
1575 1590 1592 1630 1
1622 1592 1649 1630 7

197 1662 277 1700 28:
316 1659 453 1708 „Tum
486 1657 774 1697 Praenestinus
804 1655 910 1694 salso
941 1657 1150 1708 multoque
1182 1658 1321 1697 fluenti
1351 1659 1556 1711 Expressa
1584 1672 1649 1699 ar-

195 1730 317 1770 busto
354 1728 510 1780 regerit
541 1725 780 1774 convicia;”
820 1725 1048 1777 eodemque
1085 1727 1206 1766 modo
1245 1727 1525 1779 explicandum
1569 1733 1644 1786 est,

196 1799 305 1850 quod
344 1796 574 1849 Aeschylus
620 1794 719 1834 dixit
766 1794 806 1833 in
857 1794 1025 1847 Septem
1062 1808 1099 1836 ν.
1134 1797 1211 1836 8οε
1259 1791 1355 1835 Ῥεῖ
1391 1794 1524 1844 πολὺς
1564 1788 1648 1837 ὦδε

194 1862 311 1915 λεώς.
354 1892 410 1900 —-
453 1867 523 1908 Vs.
555 1865 609 1904 13
649 1857 869 1916 οἰχήσεται
909 1865 1114 1905 Dawesius
1144 1865 1320 1906 Miscell.
1351 1879 1390 1919 p.
1419 1867 1517 1917 568,
1553 1868 1647 1908 libri

192 1931 472 1989 ἐξοιχήσεται,
501 1934 579 1975 nisi
608 1932 718 1973 forte
748 1937 870 1986 poeta
898 1934 1082 1986 scripsit:
1109 1929 1166 1972 ‘0
1194 1931 1272 1972 τοῦ
1301 1931 1482 1989 δίαρρου
1510 1948 1646 1975 ποτα-

190 2002 273 2058 μὸς
301 1999 580 2057 ἐξοιχήσεται.
625 2003 832 2043 lntellexit
861 2007 997 2043 autem
1029 2003 1322 2056 Aristophanes
1350 2004 1463 2045 illum
1494 2005 1644 2057 locum,
1671 2044 1676 2049 .

192 2088 314 2128 quem
344 2073 572 2126 Sophocles
606 2072 704 2112 dicit
732 2073 839 2124 apud
870 2073 1080 2113 Plutarch.
1109 2074 1256 2113 Moral.
1287 2087 1327 2125 p.
1359 2074 1410 2114 17
1442 2076 1502 2115 G:
1532 2073 1645 2114 Στε-

190 2141 341 2191 νωπως
362 2136 527 2182 ζἈιδου
550 2140 625 2180 καὶ
651 2137 883 2195 παλιρροία
904 2140 1055 2192 βυθοῦ
1084 2147 1124 2182 et
1141 2143 1341 2182 Pindarus
1360 2143 1462 2183 Thr.
1480 2145 1549 2183 Fr.
1569 2145 1584 2184 1
1601 2145 1643 2185 8.

189 2215 343 2256 Facete
370 2217 506 2254 autem
536 2212 593 2251 ita
621 2211 796 2252 instituit
821 2216 955 2263 poeta,
985 2216 1030 2251 ut
1060 2212 1183 2264 legati
1212 2213 1241 2251 ii
1270 2213 1542 2262 mitterentur,
1573 2214 1643 2265 qui

190 2289 232 2325 et
270 2283 518 2337 ignavissimi
555 2286 692 2322 essent
731 2286 772 2321 et
817 2286 984 2321 externa
1023 2293 1186 2333 quoque
1233 2281 1370 2333 specie
1416 2287 1496 2322 tam
1536 2282 1642 2323 male
1694 2278 1696 2283 ’

189 2355 351 2402 affecti,
392 2357 437 2394 ut
465 2364 594 2404 prope
624 2352 703 2390 iam
734 2352 883 2391 m'ortui
913 2351 1041 2390 videri
1072 2355 1251 2403 possent.
1319 2338 1503 2402 Namque
1538 2351 1639 2391 San-

189 2425 307 2477 nyrio
347 2424 526 2464 comicus
561 2425 684 2473 poeta
722 2425 891 2473 propter
919 2422 1100 2472 corporis
1138 2420 1415 2468 macilentiam.
1448 2421 1544 2460 satis
1578 2419 1640 2460 fa·
1696 2406 1703 2466 s

188 2506 325 2534 mosus
349 2493 427 2532 fuit
456 2491 699 2543 saepiusque
730 2503 779 2530 eo
810 2491 972 2529 nomine
1002 2491 1053 2528 ab
1080 2491 1250 2530 aemulis
1279 2490 1423 2529 irrisus
1451 2493 1526 2538 est,
1557 2489 1638 2529 vid.
1694 2499 1696 2537 g

188 2563 382 2605 Meineke
414 2562 430 2601 1
462 2574 501 2613 p.
532 2560 628 2609 263,
655 2559 765 2599 idem
795 2572 891 2599 vero
923 2559 1052 2598 malus
1083 2560 1204 2599 etiam
1234 2559 1314 2599 fuit
1342 2562 1475 2610 poeta,
1506 2571 1639 2610 eoque
1692 2603 1693 2613 ἢ

189 2631 361 2671 maxime
400 2631 530 2670 tendit
560 2629 767 2669 Strattidis
794 2628 950 2668 vexatio
981 2628 1088 2680 apud
1118 2629 1268 2668 Athen.
1297 2627 1375 2667 XII
1403 2640 1443 2679 p.
1470 2627 1552 2667 555
1582 2629 1638 2669 G:
1690 2668 1691 2683 ἶ

163 2695 488 2754 «Σαννυρίωνος
518 2695 724 2748 σκυτίνην
751 2693 1012 2751 ἐπικουρίαν.
1070 2698 1272 2747 Meletus,
1310 2696 1487 2750 tragicus
1515 2701 1637 2751 poeta
1688 2738 1689 2742 ,
