1716 3164
222 202 303 243 978
724 197 1131 239 ARISTOPHANIS

220 313 331 352 'forte
371 313 549 362 praestat
590 308 643 347 ita
683 315 873 361 corrupta
919 310 1038 349 verba
1078 307 1306 360 corrigeret
1344 303 1667 361 ἀπεμίσθωσαν

223 376 339 434 αὐτῷ
369 375 452 417 τῶν
480 372 513 430 ρ’
544 375 663 430 μνῶν
692 374 878 430 βωμὸν
907 376 1000 417 τοῦ
1030 372 1312 417 Διονύσου.
1373 378 1455 418 lam
1484 378 1665 419 subsidio

220 450 370 489 missu·
399 447 697 488 Acarnensibus
729 448 918 487 occubuit
946 449 1136 487 Phormio
1168 447 1329 498 Olymp.
1347 445 1597 488 LXXXVIII
1627 448 1667 495 l,

224 519 304 558 vid.
336 513 522 568 Thucyd.
555 516 612 555 lll
643 516 669 555 8
698 516 738 556 h.
765 530 800 556 e.
834 530 938 556 anno
968 522 1074 565 ante,
1106 529 1224 567 quam
1255 516 1500 567 Babylonios
1530 516 1668 568 docuit

226 587 528 638 Aristophanes.
609 586 817 624 Mortuum
860 586 1004 624 eximie
1043 586 1348 625 honoraverunt
1384 585 1666 632 Athenienses,

226 670 317 696 nam
349 659 390 694 et
420 658 554 693 statua
584 653 621 691 ei
652 654 783 704 posita
815 658 877 693 est
906 655 947 693 in
979 667 1100 704 arce,
1129 655 1181 694 de
1211 667 1288 705 qua
1319 653 1538 692 Pausanias
1568 653 1586 691 Ι
1614 653 1668 692 23

227 726 303 764 1⁰:
344 719 408 761 Τὰ
439 720 485 760 δὲ
514 719 555 768 ἐς
580 716 848 773 Ἑρμόλυκον
878 725 917 772 *)
957 720 1033 761 τὸν
1062 718 1418 775 παγκρατιαστὴν
1445 719 1518 759 καὶ
1553 717 1669 772 Φορ-

224 789 366 845 μίωνα
396 789 473 829 τὸν
510 785 766 841 ’Λσωπίχου
793 786 1058 842 γραψάντων
1094 788 1246 844 ἑτέρων
1275 787 1474 843 παρίημι.
1524 795 1566 830 et
1604 802 1664 829 se-

225 862 410 914 pulcrum
441 860 479 898 ei
508 857 585 897 fuit
614 858 704 897 loco
744 860 841 898 satis
872 860 1097 900 honorifico
1129 873 1257 912 prope
1293 859 1429 899 fanum
1460 853 1672 898 Διονύσου

223 926 302 967 τοῦ
334 923 644 978 Ἐλευθερέως,
682 927 761 966 vid.
795 928 964 968 Pausan.
997 930 1013 968 1
1054 930 1107 968 29
1145 930 1194 968 3:
1237 923 1381 980 Τάφοι
1419 925 1464 966 δὲ
1501 925 1672 980 πρῶτον

219 998 304 1049 μὲν
345 990 659 1048 Θρασυβούλου
696 1019 749 1027 —
789 993 857 1034 ἐπὶ
890 995 933 1035 δὲ
965 993 1079 1051 αὐτῷ
1107 995 1366 1049 Περικλέους
1394 1008 1438 1034 τε
1466 996 1540 1035 καὶ
1572 995 1667 1036 Χα-

227 1063 353 1118 βρίου
383 1064 455 1103 καὶ
491 1060 759 1115 Φορμίωνος,
815 1066 990 1117 denique
1027 1067 1195 1118 Delphis
1234 1067 1399 1114 titulus,
1438 1066 1505 1117 qui
1537 1066 1667 1104 Phor-

225 1136 370 1175 mionis
398 1147 464 1173 res
494 1139 628 1185 gestas
659 1134 938 1184 praedicabat,
977 1135 1074 1173 ibid.
1105 1135 1142 1173 X
1173 1135 1226 1173 10
1256 1136 1305 1173 6:
1340 1129 1413 1171 καί
1449 1146 1525 1184 μοι
1565 1129 1668 1185 φαί-

225 1216 344 1243 νεται
383 1199 432 1240 τὸ
469 1198 720 1253 ἐπίγραμμα
758 1199 798 1247 ἐς
841 1200 1080 1255 Φορμίωνα
1117 1199 1193 1241 τὸν
1226 1197 1480 1254 Ἀσωπίχου
1519 1201 1592 1240 καὶ
1630 1199 1671 1248 ἐς

226 1271 303 1312 τοῦ
336 1267 591 1324 Φορμίωνος
622 1266 674 1307 τὰ
703 1266 818 1322 ἔργα.

338 1342 421 1381 Iam
451 1353 547 1380 vero
578 1352 791 1391 possumus
828 1340 1061 1379 coniectura
1095 1339 1273 1390 assequi,
1314 1351 1393 1390 quo
1432 1340 1550 1379 modo
1582 1339 1670 1379 Ari-

226 1411 448 1463 stophanes
491 1409 748 1448 Phormionis
786 1409 932 1447 fecerit
978 1409 1246 1448 mentionem:
1291 1409 1461 1460 Eupolis
1506 1409 1668 1460 quidem

219 1491 319 1519 cum
365 1479 404 1517 in
443 1477 692 1525 Taxiarchis,
739 1490 842 1528 quae
878 1477 1015 1516 fabula
1058 1478 1164 1517 circa
1204 1478 1303 1516 illud
1346 1482 1505 1529 tempus
1552 1478 1670 1516 docta

228 1553 308 1596 est,
347 1547 550 1586 Bacchum
591 1546 825 1594 exhiberet,
868 1547 935 1597 qui
975 1560 996 1586 a
1038 1546 1284 1586 Phormione
1325 1559 1412 1586 rem
1446 1547 1667 1586 *militarem

229 1618 417 1664 disceret,
447 1616 557 1654 illam
585 1617 714 1667 ipsam
744 1628 846 1664 rem,
876 1628 993 1666 quam
1026 1615 1244 1655 Pausanias
1274 1619 1315 1654 et
1341 1615 1562 1654 scholiasta
1592 1616 1667 1654 Pa-

228 1687 286 1726 cis
324 1685 550 1732 illustrant,
598 1689 739 1736 aperte
779 1690 872 1723 ante
921 1685 1061 1723 oculos
1098 1684 1258 1723 habuit:
1300 1697 1347 1723 ac
1383 1685 1542 1723 videtur
1578 1685 1669 1723 Ari-

219 1755 445 1806 stophanes
462 1765 622 1804 quoque
650 1755 691 1793 in
715 1754 792 1793 hac
814 1753 1023 1792 comoedia
1054 1753 1199 1792 eodem
1229 1755 1404 1793 animum
1435 1753 1667 1799 advertisse,

228 1829 269 1864 et
297 1823 448 1862 Bacchi
483 1835 698 1874 personam
740 1835 830 1862 cum
861 1822 1120 1862 Phormionis
1156 1823 1351 1862 memoria
1388 1821 1668 1862 coniunxisse:

217 1893 403 1947 ‘pertipet
432 1891 513 1930 huc
542 1892 610 1931 Fr.
642 1904 829 1942 sequens.

889 2011 1018 2052 xvu.

339 2093 574 2132 Athenaeus
611 2094 667 2131 XI
707 2107 745 2144 p.
776 2094 859 2132 494
889 2094 951 2132 D:
997 2088 1096 2130 Κάν
1133 2092 1222 2137 τοῖς
1255 2088 1556 2142 Βαβυλωνίοις
1593 2079 1671 2129 οὖν

230 2161 318 2207 τοῖς
361 2156 712 2213 Ἀριστοφάνους
758 2157 1045 2214 ἀκουσόμεθα
1089 2155 1296 2212 ποτήριον
1342 2156 1391 2198 τὸ
1431 2154 1670 2212 ὀξύβαφον,

230 2223 338 2270 ὅταν
365 2226 388 2269 ὁ
419 2226 626 2276 Διόνυσος
655 2228 754 2284 λέγῃ
784 2230 878 2283 περὶ
908 2228 994 2268 τῶν
1029 2225 1257 2279 Ἀθήνησι
1287 2226 1577 2282 δημαγωγῶν,
1613 2224 1670 2275 ὠς

325 2372 350 2413 ”)
377 2372 526 2406 Temere
549 2384 654 2417 snpra
677 2373 808 2407 conieci
834 2374 987 2416 Autolyci
1011 2383 1131 2406 nomen
1156 2372 1423 2405 substituendum
1448 2382 1541 2412 esse,
1572 2383 1671 2405 nam-

232 2443 299 2474 que
325 2432 549 2474 Hermolycus
573 2434 799 2474 pancratiasta
835 2433 1052 2466 Atheniensis
1082 2432 1162 2472 suit,
1191 2431 1246 2473 qui
1278 2430 1311 2463 in
1345 2431 1476 2473 proelio
1515 2431 1557 2463 ad
1589 2431 1668 2471 My—

232 2493 326 2524 calen
352 2493 454 2524 multa
479 2491 617 2533 egregia
642 2492 749 2524 edidit
771 2492 935 2532 facinora,
961 2492 1026 2524 vid.
1051 2491 1216 2523 Herodot.
1239 2490 1285 2522 lx
1311 2490 1394 2523 105:
1414 2486 1481 2523 Ἐν
1505 2489 1543 2522 δέ
1562 2489 1666 2533 ταύτῃ

231 2546 271 2592 τῇ
302 2547 394 2594 μάχῃ
422 2544 600 2592 Ἐλλήνων
623 2546 829 2594 ἠρίστευσαν
861 2549 1064 2591 Ἀίθηναῖοι.Δ
1085 2551 1142 2581 καὶ
1167 2547 1376 2590 Ἀθηναίων
1398 2542 1617 2590 Ἐρμόλυκος
1645 2541 1662 2579 ἕ

232 2605 415 2646 Εὐθύνου,
450 2604 537 2651 ἀνὴρ
563 2609 772 2651 παγκράτιον
798 2607 1004 2649 ἐπασκήσας,
1030 2603 1182 2640 moi-tuus
1213 2611 1266 2640 est
1288 2610 1408 2649 postea
1431 2604 1464 2636 in
1490 2605 1577 2639 bello
1602 2604 1667 2637 ad·-

229 2675 346 2699 versus
372 2665 551 2707 Carystios
577 2678 680 2709 prope
706 2668 907 2700 Geraestum
940 2667 1007 2700 vid.
1032 2667 1161 2699 Herod.
1187 2665 1268 2698 ibid.
1325 2664 1371 2697 At
1401 2663 1559 2704 Autolyci
1596 2666 1665 2697 sta-

216 2725 321 2756 tuam
344 2724 379 2756 in
405 2725 576 2765 Prytaneo
600 2730 767 2759 memorat
789 2726 975 2758 Pausanias
1000 2726 1014 2757 1
1037 2726 1081 2758 18
1106 2726 1136 2758 3.
1160 2720 1276 2756 lx‘32
1298 2718 1333 2755 8.
