1716 3164
195 139 278 180 oso
775 128 1053 181 PLATom's

199 251 269 293 Vs.
299 251 326 290 2
363 253 536 290 metrum
578 249 700 289 facile
732 250 921 289 restituas
951 250 1186 300 scribendo,
1223 231 1325 299 ἠαῖς
1353 226 1580 307 Εὐαῷόρου
1606 249 1644 293 ’κ
1697 265 1698 268 ’

198 314 488 373 πλευρίτιδος,
531 318 618 357 sive
657 318 793 370 potius
835 319 1056 358 maiuscula
1092 319 1228 359 littera
1257 318 1561 375 Πλευρίτιδὸς,
1598 328 1645 363 ut
1699 315 1704 378 f

197 387 425 428 Pleuritide
463 390 592 427 matre
631 393 750 427 natus
790 387 947 426 dicatur
975 388 1098 427 homo
1128 392 1335 440 perpetuis
1365 394 1514 432 morbis
1545 406 1644 432 con-

196 458 378 506 flictans-»3
418 456 526 508 quod
557 457 592 496 si
623 469 762 496 verum
793 461 874 505 est,
917 457 1036 496 etiam
1068 458 1172 509 patri
1202 471 1348 498 nomen
1380 461 1643 513 allegoricum

197 539 220 565 a
248 530 372 578 poeta
400 526 574 566 inditum
602 526 731 566 fuisse
761 526 956 577 suspicari
984 527 1093 566 licet.
1163 527 1291 577 Quale
1321 533 1454 569 autem
1482 531 1522 569 id
1553 530 1646 570 fue·-

199 596 253 635 rit
285 596 462 635 fortasse
492 597 579 635 aliis
610 607 757 634 eruere
787 596 1006 647 continget.
1064 596 1215 636 Verum
1239 597 1364 648 patris
1391 610 1535 638 nomen
1554 600 1645 639 Me-

197 665 258 705 les
287 664 379 713 fuit,
412 665 463 704 de
493 678 572 717 quo
603 665 694 704 vide
723 665 828 703 nist.
861 666 950 704 crit.
982 679 1021 716 p.
1037 666 1132 704 229.
1175 691 1229 696 --
1279 667 1351 707 Vs.
1378 668 1403 706 3
1433 668 1646 719 legebatur

195 728 371 780 ἅπυιος,
403 747 477 785 pro
507 747 586 784 quo
618 735 862 773 contrarium
893 734 1026 786 potius
1057 735 1339 786 expectabam:
1381 741 1647 788 suppuratum

197 803 305 849 enim
333 802 462 842 fuisse
480 803 698 850 Cinesiam,
728 803 817 854 ipse
837 802 1014 842 Galenus
1044 804 1259 855 perspicue
1288 804 1451 846 indicat.
1495 805 1648 857 Scripsi

195 872 320 924 igitur
350 867 533 922 ἄπυγος,
576 870 687 923 quod
725 871 979 911 macilentiae
1009 873 1196 912 Cinesiae
1234 874 1416 926 apprime
1445 875 1647 914 convenit.

194 940 247 983 V.
277 942 384 982 Hist.
415 942 503 981 crit.
533 955 574 992 p.
604 942 699 980 230.
769 940 964 979 Similiter
1002 941 1111 980 idem
1140 955 1286 982 nomen
1319 947 1554 994 corruptum
1585 946 1649 982 est

196 1011 304 1064 apud
334 1011 650 1065 Grammaticum
679 1010 856 1049 Bekkeri
886 1022 926 1061 p.
956 1010 1038 1049 441
1071 1011 1137 1051 10.
1172 1005 1392 1050 ''Anvtohz
1425 1009 1468 1050 οἱ
1493 1005 1649 1060 Ἀθη-

194 1079 312 1119 ναῖοι
346 1074 432 1118 ἀπὸ
475 1076 662 1127 Θησέως.
722 1079 991 1118 Scribendum
1033 1074 1205 1131 ἄπυγοι.
1263 1082 1369 1121 Nota
1409 1084 1504 1120 sunt
1544 1093 1649 1132 quae

198 1149 251 1189 de
273 1149 441 1189 Theseo
474 1153 702 1195 narrantur,
732 1142 779 1193 ὃς
807 1145 1034 1186 κατέλιπεν
1061 1146 1131 1187 ἐπὶ
1161 1146 1241 1197 τὴν
1270 1148 1433 1202 πέτραν
1462 1145 1542 1197 τὴν
1570 1162 1650 1188 πυ-

195 1217 279 1271 γὴν
309 1219 417 1271 apud
446 1217 603 1257 inferos
633 1217 761 1256 schol.
793 1218 997 1269 Aristoph.
1025 1219 1128 1269 Equ.
1147 1218 1267 1258 1365.
1325 1219 1399 1258 Cfr
1430 1218 1651 1258 Pausanias

195 1288 236 1329 Χ
266 1289 335 1328 29.
366 1288 438 1327 ubi
469 1287 664 1339 Panyasis
694 1286 811 1325 istius
840 1287 1080 1326 narrationis
1110 1292 1250 1327 auctor
1278 1288 1532 1340 perhibetur.
1576 1289 1652 1328 At-

196 1368 277 1410 que
305 1357 403 1397 hinc
431 1357 482 1396 ad
511 1369 652 1396 omnes
682 1355 956 1396 Athenienses
993 1352 1178 1407 ἀπεψίας
1214 1357 1439 1396 convicium
1478 1357 1651 1396 transla-

195 1432 284 1467 tum
314 1431 398 1476 est,
438 1438 540 1477 quos
571 1419 864 1474 λισποπύγους
893 1425 964 1464 ver
987 1420 1257 1476 λισπόπυγας
1287 1427 1327 1477 *)
1364 1430 1528 1465 vocatos
1559 1439 1652 1466 esse

195 1499 368 1536 constat.
433 1495 483 1536 V.
515 1494 806 1534 Ruhnkenium
845 1494 897 1532 ad
935 1494 1044 1534 Tim.
1081 1508 1123 1546 p.
1154 1495 1236 1535 175
1269 1499 1310 1534 et
1347 1496 1477 1548 intpp.
1516 1496 1652 1547 Hesy-

196 1564 280 1605 chii
310 1564 350 1604 11
379 1576 421 1616 p.
441 1562 524 1602 486
555 1564 623 1604 18.
683 1564 877 1603 Ceterum
906 1575 981 1615 pro
1011 1559 1165 1610 ἄπυιος
1194 1564 1324 1616 possis
1355 1566 1476 1604 etiam
1505 1558 1655 1615 ἄγυιος

196 1634 417 1675 coniicere.
446 1657 501 1663 —-
541 1633 654 1673 Vs.4
683 1627 862 1684 ἐσχάραι
890 1637 984 1673 sunt
1013 1634 1151 1673 ulcera
1182 1646 1230 1672 ex
1260 1633 1509 1673 medicorum
1538 1637 1654 1673 ustu-

195 1702 416 1743 lationibus
444 1701 599 1743 relicta.
650 1702 699 1742 V.
730 1701 858 1753 intpp.
890 1702 1088 1754 Hesychii
1118 1715 1150 1741 s.
1168 1716 1204 1741 v.
1234 1697 1426 1754 ἐσχάραι.
1455 1727 1510 1735 -—
1540 1702 1654 1743 Vs.5

198 1766 506 1825 Εὐρυφῶντος.
550 1770 776 1822 Eu‘ryphon
809 1771 904 1820 quin
935 1776 1055 1810 notus
1084 1772 1164 1810 iuis
1194 1772 1445 1823 temporibus
1475 1771 1656 1812 medicus

196 1840 325 1881 fuerit
364 1840 541 1879 dubitari
580 1852 661 1882 non
703 1843 860 1891 potest;
902 1852 949 1878 ac
984 1835 1168 1880 novimus
1208 1838 1519 1891 Euryphontem
1558 1840 1655 1880 Cni-

199 1910 329 1950 dium.
397 1907 478 1948 Sed
510 1909 544 1948 is
571 1912 664 1948 ante
694 1909 990 1960 Hippocratem
1029 1909 1241 1957 inclaruit,
1280 1913 1386 1948 teste
1417 1910 1573 1948 Galeno
1604 1909 1656 1948 ad

200 1979 407 2031 Hippocr.
438 1977 490 2016 de
517 1979 625 2017 victu
655 1978 735 2016 vol.
771 1977 826 2018 lV
856 1990 896 2029 p.
914 1977 995 2016 306
1024 1978 1117 2017 Bas.
1151 1978 1292 2030 ltaque
1319 1979 1355 2018 is
1386 1991 1507 2031 quem
1538 1979 1655 2019 Plato

202 2053 500 2092 commemorat
528 2049 639 2088 illius
669 2051 738 2087 aut
767 2046 876 2087 filius
904 2051 974 2088 aut
1002 2060 1130 2101 nepos
1159 2047 1371 2089 habendus
1402 2048 1539 2089 fuerit.

897 2193 966 2234 IV.

890 2273 992 2318 ”Hv
1021 2275 1102 2332 γὰρ
1131 2272 1348 2333 ἀποθάνῃ

420 2353 481 2410 εἷς
509 2375 575 2410 τις
602 2356 802 2416 πονηρός,
834 2356 910 2401 δύ’
942 2357 1169 2416 ἀνέφυσαν
1199 2357 1395 2419 ῥήτορες·

713 2442 723 2453 t
767 2445 785 2455 -n
829 2440 841 2455 ³
885 2440 893 2453 V

295 2626 333 2669 *)
357 2623 542 2664 Λισπόηυξ
564 2627 690 2661 habent
712 2625 911 2661 Euatathius
938 2625 979 2659 ad
1005 2625 1107 2660 Hom.
1135 2636 1166 2668 p.
1191 2624 1282 2659 1288
1306 2622 1351 2657 48
1382 2624 1416 2655 et
1442 2620 1538 2655 schol
1576 2618 1658 2654 Ari-

201 2685 314 2736 stoph.
338 2687 424 2730 Equ.
449 2685 549 2721 1365.
