1716 3164
208 184 316 224 1⁰68
720 180 1128 224 ARISTOPHAMS
1169 198 1177 200 ’

912 320 960 360 V.

440 398 508 442 Ἰώ
540 398 848 455 Λακεδαίμων,
878 399 921 441 τί
952 398 1037 455 ἄρα
1069 398 1206 442 πείσει
1236 398 1410 456 τήμερα.

317 513 482 555 Suidas=
519 508 729 567 Τήμερος·
762 509 785 552 ὁ
817 510 1044 567 σημερινὸς
1071 509 1145 554 καί
1174 511 1266 552 ἐστι
1296 511 1557 565 τεταγμένον
1585 511 1656 553 ἐπὶ

205 577 425 635 σώματος·
458 578 507 621 τὸ
537 581 581 621 δὲ
613 578 798 635 τήμερον
827 581 898 622 ἐπὶ
922 579 1083 636 χρόνου
1110 581 1277 634 λέγεται
1305 580 1377 621 καὶ
1407 579 1453 620 ἐν
1470 575 1651 638 Εἰρήνῃ·

199 647 272 691 Ἰώ
303 648 618 704 Λακεδαίμων,
657 648 700 691 τί
729 647 814 706 ἄρα
845 649 1015 701 ποιήσει
1043 649 1230 706 τήμερα·
1272 647 1374 690 ἀντὶ
1405 648 1483 690 τοῦ
1521 663 1652 703 σημε-

203 716 314 776 ρινή.
372 722 485 761 idem
516 722 606 761 fere
635 735 777 762 versus
809 736 831 762 a
860 723 1076 763 scholiasta
1105 723 1282 763 Nubium
1308 722 1448 761 v.699
1474 734 1522 761 ex
1551 721 1653 760 Hol-

203 792 369 832 cudibus
405 791 578 830 affertur
613 790 693 830 hoc
733 792 853 831 modo
892 787 959 830 'lai
990 788 1289 843 Λακεδαῖμον,
1330 788 1372 829 τί
1400 785 1487 843 ἄρα
1515 786 1652 830 πείσει

201 855 379 912 τήμερα.
441 860 495 899 Et
523 854 661 898 πείσει
690 861 853 911 quidem
881 862 1053 910 restitui,
1084 860 1156 901 sed
1170 855 1459 911 Λακεδαίμων
1488 860 1650 911 reliqui.

201 929 405 981 Equidem
445 929 629 968 existimo
669 930 780 969 hunc
809 942 970 970 versum
1010 931 1051 970 in
1082 935 1255 981 utraque
1290 929 1429 968 fabula
1457 930 1652 982 scriptum

201 998 350 1046 fuisse,
390 998 484 1036 vide
523 1010 626 1048 quae
670 999 751 1038 dixi
794 999 845 1038 ad
883 1000 1086 1039 Aeolosic.
1126 999 1291 1051 Fragm.
1322 999 1412 1047 Vll,
1456 999 1496 1038 in
1544 999 1651 1038 Pace

201 1072 337 1108 autem
390 1067 604 1119 legebatur
657 1068 697 1108 in
752 1069 951 1108 eiusmodi
997 1069 1101 1118 loco,
1145 1069 1275 1119 qualis
1319 1072 1381 1108 est
1420 1069 1461 1107 in
1505 1080 1649 1119 super-

200 1137 296 1178 stite
346 1135 486 1175 fabula
527 1135 623 1175 inde
667 1150 690 1175 a
734 1150 769 1176 v.
813 1137 896 1175 24⁰
939 1150 1026 1188 sqq.
1106 1137 1177 1176 Sin
1235 1141 1371 1176 tamen
1415 1137 1504 1188 quis
1557 1137 1650 1176 Sui-

201 1206 293 1246 dam
324 1205 524 1244 erravisse
553 1205 594 1245 in
624 1206 787 1245 nomine
816 1206 978 1245 fabulae
1010 1206 1249 1255 contendat,
1291 1219 1369 1246 non
1400 1206 1517 1246 nimis
1546 1206 1651 1245 acri·

199 1278 266 1314 ter
308 1274 570 1325 repugnabo,
608 1275 948 1326 quemadmodum
995 1275 1145 1314 erravit
1186 1276 1426 1315 Eustathius
1465 1289 1506 1327 p.
1538 1274 1648 1315 1573
1713 1284 1716 1289 ’

198 1345 277 1384 26:
312 1336 642 1396 Ἀριστοφάνης
682 1341 727 1382 δὲ
763 1341 809 1382 ἐν
842 1337 1000 1399 Εἰρήνῃ
1039 1339 1261 1396 σεμνύνων
1288 1343 1371 1384 καὶ
1403 1339 1534 1390 αὐτὸς
1572 1339 1648 1390 τὰς

194 1407 406 1460 Ἀθήνας
442 1412 655 1466 μαρτυρεῖ
691 1409 748 1460 ὠς
798 1411 1000 1462 διηνεκεῖς
1050 1411 1138 1452 ἐκεῖ
1172 1412 1221 1452 αἱ
1264 1409 1442 1467 ὀπῶραι.
1509 1414 1647 1464 itaque

198 1483 391 1534 Epitome
420 1482 643 1531 Athenaei,
683 1487 725 1522 at
759 1484 847 1536 ipse
877 1483 1114 1524 Athenaeus
1143 1483 1238 1526 XIV
1270 1497 1309 1536 p.
1340 1484 1422 1524 653
1452 1483 1499 1524 F.
1558 1483 1646 1523 Ho-

197 1563 265 1591 ras
294 1550 578 1603 Aristophanis
606 1551 716 1593 dicit.
1258 1546 1268 1554 “

695 1808 942 1850 HPsae
1003 1810 1189 1852 ΕΣ.

306 1959 483 2000 Difficile
512 1971 610 1999 sane
639 1964 704 2000 est
741 1961 905 2000 fabulae
935 1964 1217 2013 argumentum
1260 1960 1474 2015 indagare,
1515 1971 1641 2011 quan-

195 2029 414 2081 doquidem
457 2030 544 2080 ipsa
573 2028 799 2080 fragmenta
828 2043 970 2082 parum
1001 2031 1203 2070 illustrant
1232 2035 1376 2082 poetae
1405 2029 1637 2070 consilium:

193 2099 296 2138 illud
325 2103 460 2137 tamen
491 2098 588 2136 mihi
618 2100 714 2138 satis
745 2102 856 2138 certo
888 2100 1028 2139 videor
1058 2100 1260 2139 coniicere
1278 2129 1289 2148 ,
1326 2100 1432 2139 hanc
1461 2099 1640 2138 fabulam

193 2167 449 2219 potissimum
492 2166 741 2217 impietatem
785 2168 1097 2208 'Atheniensium
1139 2169 1439 2220 perstrinxisse.
1512 2167 1641 2208 Athe-

195 2236 376 2284 nienses,
409 2235 504 2275 oiim
535 2235 829 2287 religiosissimi
859 2236 1051 2285 omnium,
1078 2237 1276 2288 plurimos
1307 2238 1428 2277 etiam
1446 2236 1639 2275 mortales

194 2304 339 2343 divinis
367 2304 591 2344 honoribus
622 2305 828 2354 colebant,
868 2305 965 2345 hinc
999 2306 1145 2358 ingens
1183 2306 1224 2346 in
1263 2311 1373 2346 terra
1403 2306 1536 2346 Attica
1564 2305 1638 2345 he·

192 2385 309 2414 roum
355 2385 571 2422 numerus,
616 2375 694 2414 vid.
740 2376 1009 2415 Commentat.
1051 2388 1091 2426 p.
1120 2374 1191 2415 85.
1259 2377 1312 2415 At
1356 2375 1675 2427 Aristophanis,

194 2447 327 2482 aetate
365 2455 457 2481 cum
488 2443 825 2495 philosophorum
864 2457 991 2495 opera
1020 2444 1318 2495 superstitionis
1347 2445 1542 2484 tenebrae
1572 2456 1637 2483 es-

194 2514 286 2550 sent
315 2510 544 2562 disputem,
589 2514 781 2551 continuo
820 2514 1061 2551 subsecutus
1102 2518 1164 2552 est
1195 2513 1636 2572 contemtusldeorum
1694 2559 1695 2565 ἵ

193 2579 439 2631 omninoque
468 2593 673 2621 sacrorum
698 2582 931 2633 depravatio
953 2582 1191 2633 gravissima
1220 2587 1358 2622 exorta
1388 2584 1469 2620 est:
1497 2580 1657 2632 itaque'
1697 2588 1701 2607 ι’

194 2647 314 2686 etiam
345 2648 516 2689 heroum
546 2651 691 2702 religio
720 2651 968 2703 frigescebat
992 2651 1065 2690 illo
1102 2654 1309 2702 tempore:
1347 2662 1439 2689 nam
1480 2648 1531 2688 ad
1560 2648 1635 2688 he·

192 2728 310 2757 roum
347 2716 508 2758 divinos
540 2719 719 2760 honores
758 2719 1044 2760 restaurandos
1073 2721 1278 2773 pertinent
1313 2719 1434 2759 huius
1471 2730 1634 2759 comoe-
