1716 3164
661 170 752 215 ΚΩ
761 136 990 216 ΚΑΛσΣ.
1454 178 1566 218 1093

797 307 850 348 Π.

277 384 407 430 Ἀλλ’
440 385 576 442 ἐστίν,
605 378 642 428 ὦ
673 383 823 444 πάτερ,
853 388 1017 445 κομιδῆ
1044 389 1315 446 μεσημβρία,

279 470 410 525 ἡνίκα
440 488 487 528 γε
517 471 619 522 τοὺς
649 473 883 529 νεωτέρους
911 473 1102 516 δειπνεῖν
1126 472 1279 531 χρεών.

194 566 433 617 Athenaeus
464 565 522 607 lv
551 578 592 618 p.
610 564 691 604 156
721 565 778 606 B:
810 563 915 604 Καῖ
933 561 957 605 ὁ
985 562 1118 613 καλὸς
1147 561 1197 605 δ’
1227 561 1563 622 Ἀριστοφάνης

80 634 129 676 ἐν
163 631 357 692 Κωκάλῳ
394 631 504 690 ἔφη·
539 630 674 674 Ἀλλ’
704 631 827 676 ἐστίν
855 636 945 680 κτλ.
1006 639 1143 691 Vulgo
1179 631 1311 687 ἡνίκα
1339 637 1415 678 καὶ
1448 632 1559 685 τούς.

81 708 193 761 quod
222 707 402 749 correxit
431 706 683 749 Dindorfius.
849 766 853 770 .

788 797 863 839 ΠΙ.

224 880 284 923 Α.
306 870 373 922 Ἦ
397 876 598 934 λοιδορία
628 892 694 928 τις
722 876 896 934 ἐγένεθ’
930 877 1055 936 ὑμῖν;
1087 880 1144 924 Β.
1175 878 1392 938 πώμαλα·

223 961 322 1007 οὐδ’
354 956 480 1006 εἶπον
507 960 649 1007 οὐδέν.

192 1052 491 1106 Harpocratio:
532 1044 763 1103 Πώμαλα·
794 1045 894 1091 ἀντὶ
925 1049 1006 1092 τοῦ
1033 1047 1254 1106 οὐδαμῶς.
1286 1080 1339 1086 --
1370 1049 1484 1092 πολὺ
1513 1050 1561 1093 δέ

81 1120 202 1163 ἐστιν
229 1120 276 1162 ἐν
305 1120 359 1179 τῇ
387 1117 552 1178 ἀρχαίᾳ
580 1117 805 1178 κωμῳδίᾳ.
862 1118 1195 1177 Ἀριστοφάνης
1219 1119 1438 1176 Λοιδορία
1468 1121 1559 1165 κτλ.

81 1194 252 1235 Suidas:
284 1188 510 1246 Πώμαλα·
540 1192 679 1233 κεῖται
709 1219 764 1227 —-
794 1188 906 1248 παρ’
936 1189 1255 1250 Ἀριστοφάνει
1285 1193 1332 1234 ἐν
1348 1189 1560 1250 Κωκάλῳ,

85 1261 156 1303 δεῖ
187 1261 236 1303 δὲ
274 1259 591 1317 ἀναγινώσκειν
626 1258 709 1320 ὑφ’
743 1258 794 1304 ἓν
829 1260 1036 1319 πώμαλα.
1111 1268 1184 1310 Vs.
1221 1267 1243 1308 1
1292 1266 1481 1318 Toupius
1517 1267 1560 1306 in

81 1335 259 1376 Emend.
291 1335 330 1375 11
359 1349 401 1389 p.
418 1337 473 1376 93
500 1329 529 1385 ἢ
559 1332 759 1390 λοιδορία
789 1337 855 1377 vel
884 1333 1177 1392 διαλοιδορία,
1210 1336 1358 1390 scripsi
1387 1325 1414 1385 ἦ
1446 1332 1558 1377 λοιδ.

79 1404 231 1447 deinde
260 1406 381 1447 codd.
410 1407 526 1448 Med.
556 1407 605 1449 B.
637 1410 683 1450 C.
716 1410 766 1450 G.
798 1403 1011 1460 ἐγέννηθ·’
1040 1403 1161 1461 ἡμῖν.
1192 1434 1248 1442 --
1279 1408 1351 1450 VS.
1375 1408 1403 1446 2
1431 1407 1557 1459 vulgo

81 1471 211 1517 οὐδὲν
245 1465 371 1516 εἶπον
399 1471 562 1518 οὐδενί.
619 1479 694 1520 sed
724 1480 772 1522 B.
805 1481 852 1522 C.
884 1482 935 1522 G.
973 1474 1075 1520 οὐδὲ
1115 1468 1259 1529 εἶπον,
1301 1479 1333 1518 Β
1371 1474 1559 1518 οὐδενίν.

82 1549 117 1591 G
158 1541 301 1588 οὐδέν.
378 1549 656 1591 Probabiliter
697 1556 837 1592 autem
882 1551 1140 1594 Fritzschius
1183 1563 1221 1590 v.
1260 1550 1287 1589 2
1330 1548 1558 1601 supplevit:

87 1609 339 1659 Οὐδέἷπον
367 1614 496 1659 οὐδὲν
524 1617 633 1674 πρὸς
663 1622 711 1661 σὲ
739 1619 884 1677 κῦρον,
913 1609 948 1661 ὦ
979 1616 1124 1675 γύναι.
1162 1621 1272 1674 apud
1298 1619 1558 1672 Hesychium

81 1690 191 1731 enim
220 1690 387 1744 legitur,
416 1704 450 1732 s.
481 1703 519 1731 v,
549 1688 694 1745 κῦρον.
763 1690 938 1748 Κῦρον·
986 1687 1094 1732 Οὔτ’
1126 1680 1251 1731 εἶπον
1288 1687 1417 1731 οὐδὲν
1452 1685 1562 1744 πρὸς

82 1761 130 1801 σὲ
158 1757 302 1814 κῦρον,
331 1749 365 1799 ὦ
397 1755 540 1813 γύναι.
598 1761 672 1801 σοὶ
702 1758 879 1815 ἀνῆκον,
911 1757 971 1811 εἰς
1001 1763 1048 1804 σὲ
1078 1763 1234 1803 τεῖνον.

780 1876 852 1919 lv.

837 1954 1033 2000 Ἐκδότω
1064 1959 1112 2001 ὁέ
1145 1974 1210 2008 τις

361 2043 435 2085 καὶ
467 2042 772 2099 ψηφολογεῖον
799 2034 885 2084 ὦδε
913 2044 989 2086 καὶ
1018 2042 1163 2102 δίφρω
1193 2042 1288 2086 δύο.

192 2146 368 2188 Photius
398 2132 438 2201 p}
469 2147 553 2189 658
584 2148 661 2188 14:
690 2137 799 2186 ὦδε·
830 2142 883 2188 οὗ
912 2142 1053 2201 μόνον
1083 2144 1134 2187 τὸ
1163 2139 1315 2197 οὕτως,
1344 2141 1458 2184 ἄλλα
1485 2141 1562 2183 καὶ
1591 2143 1599 2148 '

79 2212 131 2256 τὸ
160 2214 352 2268 inflasse,
389 2212 447 2265 ώς
485 2212 609 2270 ἡμεῖς
645 2244 699 2251 —
735 2214 1068 2274 Ἀριστοφάνης
1108 2211 1327 2272 Κωκάλῳ·
1354 2208 1560 2282 ζΕκδότω

82 2285 129 2326 δέ
168 2299 236 2333 τις
275 2286 351 2326 καὶ
387 2284 673 2341 ψηᾳολογίον
710 2286 801 2329 κτλ.
875 2288 1034 2329 Eadem
1075 2288 1223 2328 Suidas
1263 2301 1300 2329 v.
1337 2282 1446 2335 ὦδε,
1487 2282 1558 2324 ubi

76 2350 359 2410 ψηᾳολόγον.

797 2442 847 2483 V.

643 2521 870 2580 Κοᾳίνους
900 2526 944 2566 δὲ
976 2522 1124 2567 λίθων
1153 2523 1337 2574 ἐκέλευες

253 2606 368 2663 ἡμᾶς
401 2607 508 2663 ἱμᾶν
536 2608 610 2651 ἐπὶ
636 2608 714 2652 τὸν
741 2610 944 2667 κέραμον.

197 2696 344 2737 Pollux
375 2697 453 2740 Vll
486 2698 592 2737 162:
635 2694 731 2741 Καὶ
766 2693 876 2736 αὐτὸ
914 2694 959 2736 δὲ
996 2692 1046 2735 τὸ
1087 2693 1209 2745 τέγος
1245 2688 1299 2733 οὐ
1335 2688 1472 2746 μόνον
1513 2690 1553 2730 οἱ

85 2761 165 2815 νῦν
192 2764 380 2821 κέραμον
409 2763 716 2821 ὀνομάζουσιν,
746 2762 860 2807 ἀλλὰ
881 2766 956 2807 καὶ
982 2760 1312 2820 Ἀριστοφάνης
1342 2758 1398 2803 ἂν
1426 2758 1558 2802 ἐοίκοι
