1716 3158
707 155 960 199 ΣΚΕΥΑΙ.
1489 159 1570 202 661

16 275 17 278 ’
86 277 199 326 dum,
228 267 445 328 dvassaffiv’
477 271 523 313 ἐκ
552 270 630 323 τῆς
660 267 836 327 νόσου,Δ
862 273 1047 327 quamvis
1078 271 1253 313 elisione
1282 272 1422 325 pauno
1452 273 1566 316 inso-

15 338 17 379 ss
82 347 277 388 lentiore.
344 346 410 389 Ad
450 346 626 387 eandem
655 359 840 387 normam
877 346 1170 398 grammaticus
1199 344 1437 385 Marcianus
1475 357 1568 384 cor-

31 472 35 475 ⁸
84 418 284 473 figendus
312 421 390 468 est,
421 417 492 470 qui
509 430 587 471 pro
600 411 857 473 ἀναβιώσας
874 416 1091 469 scripsisse
1113 417 1278 457 videtur
1299 409 1564 468 ἀναβιῶσαι,

799 539 850 580 V.

194 626 424 667 Scholiasta
443 625 733 678 Aristophanis
750 625 826 665 Av.
843 623 923 664 151
941 638 953 664 ι
984 616 1181 666 ΙΙλάτων
1210 620 1256 663 δὲ
1287 617 1427 663 αὐτὸν
1449 624 1564 673 (Me-

9 734 11 736 ,
82 696 307 748 lanthium)
335 693 384 736 ἐν
412 691 620 743 Σκύθαις
650 696 751 748 (sic)
780 689 839 742 αἱς
879 689 1053 734 λάλον
1094 690 1286 735 σκώττει.
1348 694 1424 736 cn·
1451 695 1562 736 Hist.

82 768 173 809 crit.
201 781 244 820 p.
274 766 370 807 184.

790 874 862 917 V1.

76 972 82 984 ³
162 939 419 1000 vScholiasta
456 958 747 1012 Aristophanis
787 959 893 1001 Ran.
932 959 1041 1000 370:
1087 955 1220 998 τοῦτο
1266 951 1328 1006 εἰς
1370 953 1498 1012 Ἀρχ
1511 957 1561 998 ἴ-

76 1039 186 1071 νον.
243 1025 413 1083 μήποτε
445 1028 492 1070 δὲ
521 1029 596 1070 καὶ
624 1024 685 1078 εἰς
719 1025 1030 1086 Ἀγύρριον.
1061 1028 1284 1083 μέμνηται
1315 1027 1362 1068 δὲ
1392 1026 1562 1069 τούτων

0 1098 1 1118 ³
76 1099 154 1141 καὶ
183 1097 380 1145 Πλάτων
413 1099 461 1142 ἐν
489 1099 676 1149 Σκευαῖς
713 1099 790 1142 καὶ
830 1097 1091 1155 Σαννυρίων
1127 1099 1177 1142 ἒν
1210 1095 1379 1157 Δανάῃ.
1437 1091 1561 1141 οὗτοι

74 1167 159 1227 γὰρ
188 1168 504 1227 προϊστάμενοι
542 1171 619 1223 τῆς
650 1169 871 1227 δημοσίας
908 1170 1120 1228 τραπέζης
1158 1168 1238 1212 τὸν
1265 1168 1443 1226 μισθὸν
1471 1170 1561 1215 τῶν

72 1240 294 1299 κωμῳδῶν
328 1240 546 1298 ἐμείωσαν
580 1242 942 1300 κωμῳδηθέντες.
1009 1245 1072 1286 Ita
1112 1245 1223 1285 enim
1253 1245 1360 1286 haec
1387 1246 1473 1298 legi
1514 1246 1555 1286 in

73 1315 216 1355 codice
245 1316 448 1356 Dindorfii
478 1317 631 1357 indicio
662 1317 851 1369 cognovi.
926 1316 1227 1369 Aristophanes
1258 1317 1310 1356 de
1341 1318 1558 1357 imminuta

71 1385 323 1425 comicorum
353 1391 570 1439 poetarum
600 1388 794 1427 mercede
824 1388 1118 1439 conqueritur,
1158 1381 1187 1437 ἢ
1225 1384 1327 1434 τοὺς
1356 1383 1557 1439 μισθοὺς

69 1453 158 1495 τῶν
195 1454 391 1505 ποιητῶν
430 1453 574 1514 ῥήτωρ
612 1451 677 1497 ὢν
713 1447 793 1497 εἶτ’
828 1453 1086 1512 ἀποτρώγει.
1148 1459 1211 1499 De
1242 1459 1428 1500 Archino
1460 1472 1554 1499 ora-

70 1531 166 1568 tore
194 1527 307 1568 haud
336 1530 537 1570 incelebri
567 1530 760 1571 dixerunt
789 1530 979 1572 Valesius
1009 1530 1062 1570 ad
1092 1531 1297 1584 Harpocr.
1326 1545 1368 1584 p.
1399 1530 1483 1570 253
1514 1534 1557 1570 et

67 1599 347 1641 Ruhnkenius
379 1602 490 1642 Hist.
523 1602 613 1642 crit.
644 1606 748 1643 orat.
778 1616 820 1655 p.
851 1602 984 1643 XLIl.
1055 1601 1130 1642 Csr
1159 1603 1327 1656 Fragm.
1358 1602 1440 1642 inc.
1467 1601 1551 1641 fab.

65 1670 178 1712 XLI.
235 1672 487 1726 Agyri-bium
517 1674 636 1714 Plato
666 1674 816 1714 acerbe
851 1677 969 1715 notat
1005 1673 1130 1715 etiam
1162 1674 1245 1715 alio
1277 1674 1385 1715 loco.
1446 1672 1543 1715 vid.

66 1743 234 1798 Fragm.
262 1743 345 1786 inc.
373 1743 460 1787 fab.
491 1746 543 1789 V.

676 1897 939 1907 .--—-—-—-

384 2077 1213 2133 >20‹1›12TA1.*)

782 2206 814 2247 1.

667 2282 879 2341 Ξενοκλῆς
910 2289 956 2331 δὲ
987 2286 1367 2344 δωδεκαμήχανυς,

229 2365 253 2408 ὁ
290 2367 512 2423 Καρκίνου
542 2374 646 2422 παῖς
673 2373 754 2414 τοῦ
782 2373 1053 2417 θαλαττίου.

168 2483 400 2525 Scholiasta
428 2487 717 2540 Aristophanis
749 2489 845 2531 Pac.
875 2491 983 2531 792:
1013 2482 1225 2537 Ξενοκλῆς
1253 2483 1278 2527 ὁ
1312 2483 1536 2541 Καρκίνου

59 2550 184 2593 δοκεῖ
219 2553 432 2616 μηχανὰς
461 2558 538 2598 καὶ
578 2558 802 2614 τερατείας
840 2555 1030 2615 εἰσάγειν
1066 2559 1113 2600 ἐν
1150 2559 1242 2608 τοῖς
1289 2554 1526 2613 δράμασιν.
1567 2558 1573 2561 λ

58 2621 252 2670 Πλάτων
287 2625 536 2684 Σοφισταῖς
575 2626 787 2683 Ξενοκλῆς
815 2631 906 2675 κτλ.
972 2633 1048 2674 Gfr
1077 2632 1226 2674 Suidas
1263 2645 1297 2674 s.
1327 2644 1366 2672 v.
1407 2629 1530 2684 Καρ-

100 2813 103 2815 ,
151 2775 186 2818 ⁸)
209 2776 249 2811 V.
274 2775 363 2811 Hist.
389 2777 465 2812 crit.
490 2790 524 2822 p.
549 2778 630 2815 185.
