1716 3164
210 164 318 206 122⁰
700 162 772 204 DE
803 161 1138 207 PHORMwNE

209 275 373 316 fabulae
418 273 681 326 assignandos
723 277 764 314 et
805 274 857 315 de
893 274 1039 315 eodem
1078 261 1325 317 Phormione
1367 277 1653 330 intelligendos
1712 259 1716 318 ἶ

212 358 314 385 esse.
379 344 591 394 Leguntur
630 343 690 382 illi
719 343 826 394 apud
865 345 1079 393 Zonaram,
1116 345 1279 384 infimae
1315 348 1475 396 quidem
1512 349 1654 388 aetatis

212 413 472 460 Graeculum,
501 412 573 452 sed
597 412 665 463 qui
689 412 797 452 haud
813 426 941 465 pauca
970 419 1103 452 tamen
1135 427 1182 453 ex
1213 415 1504 465 antiquioribus
1521 428 1654 468 gram·
1710 402 1716 461 ἑζ

213 483 370 524 maticis
415 481 630 531 derivavit,
675 495 779 534 quae
825 483 931 534 apud
974 483 1164 522 Photium
1207 484 1372 523 Suidam
1415 490 1655 537 ceterosque

211 553 363 593 frustra
396 552 658 603 quaesiveris.
727 554 907 593 Zonaras
945 554 1071 605 igitur
1111 554 1207 593 Lex.
1250 553 1288 592 11
1332 567 1370 604 p.
1405 555 1510 593 1366
1553 555 1655 594 haec

212 623 393 674 scripsit:
423 620 466 660 οἱ
498 615 697 660 Ἀττικοὶ
726 618 949 673 μόλυβδον
977 622 1050 661 καὶ
1078 618 1355 675 μολύβδινον.
1417 620 1466 662 τὸ
1500 620 1545 661 δὲ
1573 635 1656 674 μο-

213 689 374 743 λυβοῦν
407 685 594 743 ἐσχάτως
633 687 869 745 βάρβαρον.
933 689 1160 746 Φορμίων·
1204 692 1324 745 Τρεῖς
1361 689 1445 745 ἔφη
1484 688 1658 741 στήσειν

212 757 433 815 τρίποδας,
474 756 545 799 gen
550 755 611 798 ct’
640 756 801 808 έθηκεν
829 758 902 800 ἕνα
941 758 1221 813 μολύβδινον.
1265 761 1497 814 Κρατῖνος·
1542 759 1657 801 Φαί-

212 830 378 870 wenstan
402 827 578 882 χρυσῆν,
610 824 710 867 κατ’
743 825 901 882 ἀγροὺς
930 827 978 868 δ’
1010 820 1146 877 αὖθις
1176 820 1233 869 αὖ
1261 829 1539 882 μολυβδίνην
1580 832 1657 871 La-

214 907 301 940 tere
329 902 370 940 in
402 901 466 939 his
496 900 638 938 comici
667 904 811 951 poetae
840 913 992 949 versuS‚
1020 902 1077 940 ita
1107 901 1195 940 fere
1223 902 1482 941 scribendos.

406 963 460 1006 ‘0
495 966 701 1021 Φορμίων
729 968 838 1021 τρεῖς
868 966 1118 1023 [ἀργυροῦς]
1148 966 1324 1019 στήσειν
1353 966 1437 1022 ἔφη

410 1035 630 1090 τρίποδας,
660 1034 809 1078 ἔπειθ’
841 1035 1002 1088 ἔθηκεν
1031 1038 1105 1079 ἕνα
1134 1035 1412 1091 μολύβδινον,

215 1109 387 1149 indicavi
423 1109 473 1147 ad
514 1109 667 1148 Cratini
705 1108 849 1160 fragm.
880 1123 919 1160 p.
949 1110 1044 1149 232.
1113 1111 1195 1160 lpsi
1225 1110 1387 1149 Cratino
1425 1112 1471 1146 ut
1508 1106 1658 1145 adscri—

215 1180 371 1219 bendos
410 1192 596 1218 censeam
628 1180 666 1227 *)
703 1179 881 1218 Cratinei
918 1179 1091 1218 nominis
1130 1180 1274 1218 vicinia
1311 1178 1428 1225 facit,
1467 1176 1574 1227 quod
1609 1175 1660 1215 ad

216 1250 399 1300 primam,
429 1262 477 1288 an
508 1248 557 1287 ad
589 1249 773 1296 alteram,
805 1262 854 1288 an
884 1249 1058 1299 denique
1095 1248 1144 1287 ad
1174 1254 1386 1298 utramque
1409 1243 1565 1297 χρῆσιν
1594 1257 1660 1284 re.-

215 1316 430 1357 ferendum
460 1319 524 1366 sit,
556 1318 683 1357 libera
712 1318 1066 1369 cuique‘eligendi
1098 1323 1276 1369 potestas
1307 1322 1381 1356 est.
1426 1316 1525 1366 Quis
1554 1314 1661 1356 enim

216 1389 346 1428 nescit
375 1388 706 1438 frequentissime
735 1388 842 1438 apud
872 1388 1175 1439 grammaticos,
1216 1388 1304 1426 sive
1334 1385 1443 1437 quod
1481 1385 1578 1435 ipsis
1606 1384 1662 1423 ita

216 1458 369 1509 placuit
397 1457 482 1496 sive
511 1457 731 1495 scribarum
760 1458 825 1495 vel
855 1458 1168 1508 epitomatorum
1206 1455 1485 1506 neglegentia,
1521 1457 1661 1492 aucto-

215 1539 307 1566 rum
347 1525 510 1565 nomina
545 1525 741 1576 exemplis
782 1526 1004 1578 postposita
1041 1525 1239 1577 reperiri?
1297 1525 1403 1575 Quid
1440 1526 1574 1562 autem
1610 1522 1663 1561 sit

217 1596 328 1648 quod
364 1595 556 1634 Phormio
596 1597 679 1633 tres
721 1601 938 1647 argenteos
979 1596 1160 1646 tripodes
1200 1594 1380 1642 vovisse,
1420 1605 1493 1644 pro
1532 1592 1662 1631 tribus

217 1666 298 1705 illis
321 1666 525 1717 argenteis
553 1669 689 1703 autem
719 1677 844 1704 unum
875 1666 1110 1716 plumbeum
1140 1664 1348 1702 dedicasse
1371 1664 1540 1710 dicatur,
1570 1661 1611 1700 id
1639 1673 1663 1699 a

219 1736 336 1775 nobis
376 1734 569 1785 explicari
605 1746 725 1773 nemo
763 1735 1044 1785 postulaverit.
1103 1734 1268 1784 Spectat
1297 1733 1376 1772 hoc
1404 1732 1577 1771 fortasse
1612 1728 1664 1769 ad

219 1805 398 1852 donaria,
429 1817 532 1855 quae
550 1804 756 1853 Phormio,
786 1805 820 1843 si
838 1805 1051 1843 sanitatem
1069 1807 1362 1854 recuperasset,
1387 1802 1464 1840 deo
1484 1813 1530 1840 se
1552 1799 1664 1839 obla-

219 1879 355 1913 turum
384 1875 634 1925 promiserit.

329 1942 412 1982 Sed
442 1943 587 1995 dignus
616 1947 676 1982 est
707 1943 758 1982 de
788 1955 868 1994 quo
896 1942 1122 1982 accuratius
1147 1941 1303 1980 dicatur
1319 1938 1576 1991 Theopompi
1603 1938 1666 1978 lo-

218 2023 305 2060 cus,
346 2024 468 2063 quem
505 2013 694 2063 quoniam
723 2026 746 2053 a
774 2013 1004 2053 Wichersio
1042 2012 1371 2063 praetermissum
1415 2009 1558 2056 video,
1598 2007 1665 2049 hic

219 2085 352 2122 totum
381 2081 630 2121 adscribam:

327 2140 410 2190 Ἦν
439 2149 485 2190 δὲ
515 2146 821 2204 Κροτωνιάτης
849 2148 922 2189 καὶ
951 2146 997 2188 ἐν
1025 2144 1078 2204 τῇ
1107 2143 1178 2185 ἐπὶ
1205 2140 1360 2199 Σάγρᾳ
1388 2138 1506 2199 μάχῃ
1533 2139 1665 2198 ,ἐτρώ-

217 2219 308 2270 θη·
353 2215 561 2260 δυσιάτου
602 2215 651 2259 δ’
685 2215 809 2267 ὄντος
850 2216 928 2258 τοῦ
970 2212 1232 2269 τραύματος,
1270 2210 1469 2268 χρησμὸν
1508 2209 1666 2264 ,ἔλαβεν

219 2283 278 2338 εἰς
313 2285 626 2344 Λακεδαίμονα
675 2288 843 2330 ἐλθεῖν·
882 2285 1038 2328 τοῦτον
1077 2284 1158 2340 γὰρ
1199 2278 1338 2324 αὐτοῦ
1382 2277 1535 2338 ἰατρὸν
1571 2278 1661 2323 ἔσε-

312 2430 342 2473 ⁸)
376 2431 454 2465 Alia
485 2431 654 2476 quaedam
687 2429 820 2463 Cratini
852 2428 1044 2470 fragmenta
1080 2426 1116 2460 in
1146 2423 1383 2469 superioribus
1416 2424 1575 2465 neglecta
1605 2432 1667 2455 suo

220 2492 310 2532 loco,
334 2491 367 2524 h.
392 2503 422 2525 e.
454 2492 491 2525 in
515 2489 771 2535 Supplementis
795 2488 914 2522 ultimo
944 2486 1060 2530 operis
1090 2483 1254 2518 volumini
1278 2482 1494 2524 adficiendis,
1519 2491 1668 2516 comme-

221 2550 374 2583 morabo.
429 2552 532 2585 Nunc
556 2551 641 2584 illud
673 2552 800 2583 tantum
826 2556 970 2587 moneo,
993 2546 1166 2586 integrum
1191 2542 1323 2576 Cratini
1348 2553 1503 2582 versum,
1532 2551 1576 2573 ex
1599 2550 1666 2583 quo

221 2609 421 2643 vocabulum
450 2613 571 2654 ἕμπαις
595 2610 708 2644 attulit
731 2609 854 2642 Pollux
879 2607 924 2639 111
948 2605 994 2638 14
1015 2604 1171 2647 (Fragm.
1198 2603 1264 2637 inc.
1290 2603 1351 2636 CII
1377 2613 1409 2645 p.
1433 2600 1516 2642 209)
1540 2599 1667 2633 omisso

222 2668 373 2702 auctoris
396 2670 534 2703 nomine
558 2674 732 2704 servatum
756 2677 833 2701 esse
857 2667 900 2699 ab
924 2663 1109 2706 Hesychio,
1137 2655 1377 2708 Ἠνὸρωμέαὴε
1402 2658 1527 2704 ἀνδρὸς
1550 2669 1666 2692 πεπει-

223 2729 373 2773 ραμένη·
392 2726 452 2760 ‘H
469 2734 547 2766 παῖς
569 2728 635 2773 γὰρ
660 2731 780 2772 {anate
804 2727 894 2760 ἐστὶν
915 2718 960 2762 ὥς
984 2722 1193 2768 ἧνδρωμένη.
