1716 3164
650 117 978 161 ΔΑΝΑΙΔΕΣ.
1440 120 1550 164 1⁰47

745 233 872 276 XLV.

184 319 416 359 Scholiasta
452 318 632 359 Acharn.
670 318 777 359 2712
832 312 996 371 ιῦρικὴν
1035 312 1281 369 ὑληφόρον]
1334 314 1431 356 ἀντὶ
1473 317 1549 356 τοῦ

70 384 242 442 ώραίαν
268 387 344 429 καὶ
365 382 850 441 ἀκμαίαν-ὠρικὸν
881 384 933 426 δὲ
962 381 1259 441 μειράκιον
1287 385 1362 426 καὶ
1392 381 1547 440 κόρη,

68 457 127 508 ὥς
164 457 211 499 ἐν
251 457 543 500 Δαιταλεῦσιν
580 453 729 505 αἰτός.
799 459 1013 498 Dobraeus
1051 458 1229 498 coniecit
1265 451 1463 515 ὠρικόν
1501 455 1546 497 δὲ

69 526 375 585 μειράκιον
402 529 479 570 καὶ
506 524 713 583 ὡρικῶς
743 527 790 568 ἐν
820 527 867 568 Δ.
899 528 1080 569 fortasse
1109 533 1236 569 recte.

728 651 879 693 XLVI.

180 741 478 796 Har-poentio:
521 738 601 793 Θῆ
612 754 722 791 τες·
764 767 818 775 —
859 734 930 782 ὅτε
962 739 1008 781 δὲ
1037 736 1115 780 οὐκ
1143 737 1456 795 ἐστρατεύοντο
1487 740 1544 782 222

68 827 167 868 ρηκε
196 812 271 854 καὶ
297 806 634 867 Ἀριστοφάνης
663 813 710 854 ἐν
738 809 1045 854 Δαιταλεῦσιν.

723 925 893 986 xnvu.

176 1008 409 1049 Scholiasta
440 1008 612 1062 Vespar.
643 1011 751 1051 819:
791 999 927 1062 Εἶχον
967 1007 1013 1048 δὲ
1050 1010 1125 1050 καὶ
1165 1008 1207 1050 οὶ
1236 1002 1370 1065 ἥρωες
1402 1022 1516 1049 mmo

65 1074 218 1118 πλέαν·
252 1077 327 1118 καὶ
357 1075 493 1128 δῆλον
525 1077 570 1120 ἐκ
601 1078 689 1121 τῶν
716 1078 983 1122 Δαιταλέων.

544 1347 1072 1392 ΔΑΝΑΙΛΕΣ.

172 1469 356 1513 Danaum
392 1472 585 1527 filiasque
624 1475 805 1529 Aegypti
843 1473 1059 1515 saevitiam
1097 1470 1309 1526 fugientes
1347 1475 1390 1512 et
1419 1471 1540 1525 Argi-

59 1554 150 1582 vam
181 1547 334 1583 terram
365 1544 624 1597 appellentes
654 1545 977 1599 Aristophanem
1013 1545 1058 1586 in
1092 1545 1171 1585 hac
1211 1543 1424 1584 comoedia
1468 1555 1539 1583 ex-

59 1611 245 1654 hibuisse
273 1619 453 1666 arguunt
482 1615 706 1668 reliquiae,
736 1617 818 1657 vid.
850 1617 921 1656 Fr.
954 1616 1007 1656 11.
1040 1615 1116 1656 111.
1183 1614 1268 1655 Sed
1310 1626 1446 1666 neque
1484 1613 1540 1653 de

59 1683 247 1724 instituto
276 1688 427 1736 poetae
456 1698 592 1738 neque
613 1699 711 1727 vero
735 1687 787 1727 de
807 1691 1012 1739 tempore,
1036 1698 1117 1738 quo
1148 1685 1290 1725 fabula
1320 1685 1373 1724 sit
1402 1684 1538 1734 docta,

61 1754 282 1806 quidquam
315 1756 551 1797 coniectura
582 1757 746 1810 assequi
775 1757 906 1809 potui.
977 1756 1085 1796 Illud
1115 1768 1214 1796 vero
1244 1758 1417 1808 apparet
1445 1753 1539 1795 Ari·

59 1825 302 1876 stophanem
333 1827 539 1867 scenicam
570 1831 715 1877 artem,
746 1839 851 1879 quae
878 1825 958 1866 fuit
987 1827 1225 1879 antiquitus,
1257 1826 1539 1879 composuisse

58 1907 152 1936 cum
184 1909 234 1935 ea
262 1898 426 1948 specie,
466 1910 572 1950 quae
602 1911 675 1939 sua
706 1897 838 1950 viguit
866 1901 1027 1946 aetate,
1067 1909 1297 1949 severeque
1327 1896 1381 1937 de
1410 1895 1535 1950 tragl-

57 1979 197 2007 corum
230 1970 446 2020 poetarum
478 1968 668 2009 laudibus
697 1967 957 2008 iudicavisse.

786 2091 818 2130 1.

198 2170 292 2212 Καὶ
322 2167 668 2213 τὸνκυλλάστιν
698 2172 906 2227 (φθέγγου
934 2172 1010 2213 καὶ
1041 2168 1121 2210 τὸν
1149 2166 1404 2224 Πετόσιριν.

166 2283 406 2324 Athenaeus
438 2285 497 2324 111
529 2298 569 2336 p.
603 2285 684 2323 114
716 2286 772 2324 C:
808 2278 1048 2335 Αἰγύπτιοι
1088 2281 1134 2322 δὲ
1165 2278 1244 2320 τὸν
1274 2278 1531 2332 ὑποξίζοντα

54 2346 191 2405 ἄρτον
227 2348 463 2392 κυλλάστιν
499 2351 708 2392 καλοῦσι·
762 2350 1027 2407 μνημονεύει
1064 2349 1117 2391 δ’
1153 2349 1290 2391 αὐτοῦ
1325 2348 1532 2406 Ἀριστο-

55 2416 200 2474 φάνης
227 2419 276 2460 ἐν
300 2421 544 2462 Δαναΐσιν·
576 2422 671 2463 Καὶ
702 2422 779 2463 τὸν
805 2422 897 2465 κτλ.
954 2425 1119 2464 Danaus
1149 2427 1280 2476 pater,
1313 2436 1435 2475 quem
1464 2438 1535 2466 co-

54 2493 187 2533 micus
215 2493 335 2545 fingit
365 2499 488 2546 poeta
517 2494 696 2534 fortasse
723 2495 804 2536 hoc
833 2496 960 2535 verbo
991 2495 1097 2534 filias
1126 2497 1291 2542 monet,
1318 2498 1366 2534 ut
1393 2496 1533 2550 Aegy-

55 2563 162 2616 ptias
202 2575 296 2603 sese
338 2564 534 2604 simulent
569 2569 613 2604 et
651 2565 833 2606 sermoni
861 2565 1066 2618 Aegyptia
1102 2564 1302 2617 quaedam
1333 2566 1531 2607 vocabula

54 2631 250 2674 inserant.
308 2634 516 2675 Petosiris
545 2637 774 2690 Aegyptius
803 2635 1117 2677 mathematicus
1156 2633 1258 2683 fuit,
1295 2635 1377 2676 vid.
1409 2636 1529 2676 luve-

58 2701 162 2743 mus
190 2703 247 2745 vl
277 2703 387 2746 580:
419 2705 632 2760 Capiendo
663 2707 775 2749 nulla
806 2707 970 2747 videtur
1000 2706 1145 2758 Aptior
1173 2705 1277 2746 hora
1307 2706 1422 2755 cibo,
1451 2707 1529 2746 nisi
