1716 3164
436 667 1203 733 LEUCO.

540 782 671 823 (nist.
703 778 792 818 crit.
825 775 965 829 p.2l7
996 775 1107 827 sqq.)

396 1102 1259 1155 ΦΡΑΤΕΡΕΣ.*)

809 1233 840 1273 1.

308 1313 455 1374 Ἀτάρ
485 1315 509 1359 ὁ
541 1313 790 1372 Μεγάκλεες
820 1310 1029 1358 &affl-{tou
1058 1307 1302 1360 ῙΙαάπιδος

310 1398 587 1459 ’Υπὲρβολος
617 1398 896 1457 τᾶκπώματα
924 1394 1229 1449 κατεδήδοκεν.

193 1517 443 1571 Hesychius,
465 1512 671 1570 Παάπης,
699 1508 829 1566 οὗτος
846 1509 1034 1571 ποτήριά
1058 1525 1159 1554 τινα
1181 1511 1274 1561 τοῖς
1302 1503 1578 1560 Ἀθηναίοις

82 1585 251 1642 ἔπεμψε
284 1585 416 1644 δῶρα.
477 1585 658 1630 Λεύκων
694 1587 945 1644 Φράτερσιν
969 1582 1118 1641 Ἀτάρ
1149 1579 1173 1625 ὁ
1205 1578 1457 1636 Μεγάκλέἒς
1486 1577 1579 1622 κτλ·

82 1661 264 1702 Exhibui
296 1661 450 1702 codicis
480 1662 706 1703 lectionem
738 1662 924 1715 quamvis
955 1662 1209 1712 corruptam.
1251 1656 1454 1697 Musurus
1478 1651 1579 1693 Με-

82 1729 291 1783 γακλέους
319 1726 528 1774 ὑστάτου.
604 1733 863 1774 Fritzschius
891 1734 934 1773 iu
959 1732 1073 1774 Actis
1103 1730 1199 1770 Soc.
1231 1739 1409 1792 graeca}
1439 1725 1520 1766 vol.
1553 1724 1578 1764 1

83 1817 124 1856 p.
157 1803 241 1843 137
280 1806 322 1842 et
352 1803 432 1844 Th.
465 1805 670 1858 Bergkius
703 1805 936 1845 Commeat.
968 1817 1009 1856 p.
1041 1802 1149 1841 107:
1188 1794 1316 1853 ἀτάρ,
1354 1793 1385 1836 ὦ
1421 1789 1590 1859 Μὲ7ά“,

82 1872 210 1922 κλεες,
243 1862 389 1914 οἶσθά
419 1887 520 1924 που,
551 1870 792 1923 Παάπιδος
823 1880 903 1916 etc.
971 1873 1174 1915 Similiter
1211 1872 1304 1925 ipse
1348 1869 1450 1911 olim
1480 1880 1580 1910 con·

83 1946 295 1987 ieceram:

214 2010 375 2071 ’Λτάρ,
404 2004 439 2056 ὦ
471 2013 743 2069 Μεγάκλεες,
774 2004 906 2056 οἷσθ’
940 2009 974 2054 ἑὲ
999 2011 1078 2054 τοῦ
1106 2007 1353 2060 Παάπιδος
1383 2038 1440 2046 -.

83 2088 200 2128 noste·
230 2102 339 2142 quae
369 2101 545 2129 munera
575 2088 813 2142 aPaapide
827 2089 958 2128 missa
975 2084 1239 2141 Hyperbolus
1268 2085 1580 2125 intervenerit.

87 2158 135 2199 Iu
166 2172 247 2211 quo
276 2172 330 2200 ue
362 2164 458 2212 post
487 2160 706 2200 relativum
736 2160 953 2213 displiceat
984 2158 1184 2199 articulus
1213 2157 1259 2197 in
1289 2150 1581 2210 τάκπώματα,

83 2230 183 2270 satis
213 2234 277 2270 est
307 2230 497 2271 attulisse
514 2231 673 2271 Cratini
696 2244 860 2272 versum
878 2231 1042 2284 p.—226:
1075 2222 1210 2282 ὅνπερ
1231 2225 1474 2277 Φιλοκλέης
1503 2223 1583 2266 τὸν

84 2295 218 2351 λόγον
247 2296 506 2354 διέφθορεν.
566 2302 799 2354 Sophocles
829 2302 970 2354 Antig.
1002 2302 1108 2341 402:
1150 2293 1202 2339 ὃν
1232 2295 1288 2338 σὺ
1319 2295 1399 2338 τὸν
1428 2294 1583 2353 νεκρὸν

84 2364 275 2408 θάττειν
303 2364 509 2417 ἀπεῖπας.
570 2371 687 2411 Idem
718 2371 825 2412 Oed.
845 2372 936 2412 Col.
955 2370 1091 2412 1595:
1121 2368 1196 2409 καὶ
1222 2364 1307 2422 γὰρ
1337 2363 1365 2409 ὅ
1389 2366 1582 2424 μηδαμὰ

83 2435 138 2490 δὴ
156 2436 206 2480 τὸ
238 2435 387 2493 φίλον,
417 2437 562 2495 φίλον.
596 2442 659 2481 Ex
678 2442 852 2483 Platone
880 2443 1001 2496 plura
1035 2442 1222 2483 eiusdem
1252 2442 1421 2495 generis
1452 2443 1581 2485 colle-

85 2513 147 2566 git
176 2511 449 2553 Heindorfius
479 2512 532 2552 ad
563 2512 689 2566 Gorg.
720 2526 762 2566 p.
783 2514 879 2554 121.
942 2514 1004 2554 De
1037 2513 1221 2567 Paapide
1254 2514 1477 2567 Aegyptio,
1509 2515 1581 2568 qui

79 2583 233 2636 pocula
262 2583 334 2624 illa
364 2583 549 2637 pretiosa
578 2584 741 2638 populo
773 2584 1094 2626 Atheniensium
1123 2584 1288 2625 misisse
1319 2585 1484 2636 dicitur,
1517 2585 1582 2628 ni-

171 2728 200 2770 ‘)
231 2729 272 2764 V.
299 2729 389 2765 Hist.
421 2731 497 2766 crit.
524 2742 559 2776 p.
586 2729 670 2765 218.
703 2731 766 2766 ubi
797 2733 843 2766 ad
875 2744 918 2768 ea
951 2744 1039 2778 quae
1075 2733 1120 2767 de
1153 2732 1268 2768 forma
1298 2729 1473 2779 φράτερες
1507 2732 1582 2768 dixi

76 2798 242 2833 compara
266 2789 335 2825 Th.
360 2791 502 2836 Bergkii
528 2791 726 2826 Comment.
751 2804 786 2838 p.
811 2795 893 2830 107.
