1716 3164
247 174 356 216 1⁰2⁰
747 172 1156 216 ARISTOPHAMS

907 283 1016 326 XVI.

351 369 497 410 Pollux
525 368 604 411 Vll
634 369 736 409 1⁰0:
776 366 1103 422 Κογχυλίας
1141 366 1302 418 λίθος
1337 370 1383 411 ἐν
1417 370 1687 430 Ἀριστοφά-

244 449 344 486 νους
370 431 584 491 Δαιδάλῳ.

677 644 1244 690 ΔΑΙΤΑΛΕΙΣ.

352 766 616 806 Daetalenses
646 766 816 818 primam
847 768 1131 821 Aristophanis
1161 770 1410 810 comoediam
1442 770 1569 811 fuisse
1599 771 1686 823 ipse

243 836 364 876 docet
391 838 514 887 poeta
543 835 583 873 in
614 836 800 875 Nubibus
831 849 868 876 v.
897 837 1001 877 524:

291 899 371 952 Ἐξ
398 895 503 942 ὅτου
531 900 613 955 γὰρ
641 898 805 942 ἐνθάδ’
835 899 915 944 ὑπ’
948 900 1128 959 ἀνδρῶν,
1160 899 1225 953 οἷς
1254 901 1337 955 ἡδὺ
1364 905 1437 945 καὶ
1465 905 1614 960 λέγειν,

297 967 322 1011 ὁ
348 966 534 1025 σώφρων
561 984 605 1009 τε
629 967 690 1024 χώ
720 968 982 1025 καταπύγων
1009 970 1154 1028 ἄριστ’
1181 970 1439 1023 ἠκουσάτην,

297 1035 429 1091 κάγώ,
457 1038 679 1094 παρθένος
706 1038 789 1095 γὰρ
817 1037 882 1081 ἔτ’
915 1032 981 1092 ἦν,
1013 1040 1114 1082 κούκ
1142 1042 1239 1093 ἐξῆν
1268 1057 1335 1082 πω
1363 1056 1439 1095 μοι
1468 1042 1614 1094 τεκεῖν,
1668 1056 1670 1058 ·

224 1151 227 1157 ,
294 1107 497 1159 ἐξέθηκα,
527 1108 629 1156 παῖς
658 1105 707 1147 δ’
737 1107 858 1162 ἑτέρα
887 1123 951 1157 τις
979 1109 1170 1162 λαβοῦσ’
1200 1108 1404 1152 ἀνείλετο.

293 1173 413 1230 ὑμεῖς
442 1173 492 1215 δ’
521 1175 787 1232 ἐξεθρέψατε
816 1176 1019 1230 γενναίως
1047 1174 1379 1230 κάπαιδεύσατε,

296 1245 341 1286 ἐκ
369 1241 525 1285 τούτου
552 1259 628 1299 μοι
656 1243 792 1287 πιστὰ
821 1243 928 1302 παρ’
961 1243 1063 1300 ὑμῖν
1090 1243 1260 1300 γνώμης
1290 1244 1395 1288 ἔσθ’
1428 1240 1565 1301 ὅρκια.

294 1312 375 1355 νῦν
403 1310 479 1354 οὐκ
504 1310 742 1371 Ἠλέκτραν
769 1311 867 1356 κατ’
899 1313 1062 1366 ἐκείνην
1089 1312 1161 1366 ἡδ’
1193 1313 1219 1366 ἡ
1247 1313 1451 1372 κωμῳδία

295 1380 471 1434 ζητοῦσ’
502 1374 630 1435 ἦλθ’,
658 1381 713 1433 ἥν
742 1398 826 1424 που
854 1382 1021 1440 ’πιτὺχῃ
1050 1385 1235 1433 θεαταῖς
1264 1379 1375 1425 οὕτω
1405 1383 1570 1438 σοᾳοῖς.

289 1450 498 1507 γνώσεται
528 1449 621 1506 γάρ,
651 1449 784 1508 ἥνπερ
813 1451 884 1509 ἴδῃ
913 1451 1130 1506 τάδελφοῦ
1157 1451 1236 1493 τὸν
1264 1450 1516 1507 βόστρυχον.

239 1526 355 1576 Quae
382 1528 505 1576 poeta
533 1523 774 1574 significavit
804 1527 973 1571 tantum,
1002 1523 1152 1575 quippe
1177 1536 1280 1575 quae
1305 1525 1514 1563 notissima
1544 1525 1681 1562 essent

238 1594 423 1634 omnibus
460 1592 799 1640 Atheniensibus,
845 1592 1059 1643 explanant
1105 1592 1367 1641 scholiastae,
1417 1593 1485 1644 qui
1534 1593 1679 1632 Daeta-

237 1663 373 1702 lenses
402 1663 480 1701 hoe
510 1661 648 1700 drama
678 1673 769 1699 esse
798 1661 971 1699 docent:
1011 1659 1180 1713 πρῶτον
1216 1658 1361 1714 δρᾶμα
1396 1656 1572 1715 γράψας
1593 1658 1680 1709 ἐξὲ-

236 1729 378 1779 θηκεν
417 1725 440 1768 ὁ
480 1725 660 1777 ποιητὴς
697 1725 796 1774 τοὺς
824 1726 1070 1778 Δαιταλεῖς,
1111 1726 1157 1767 ἐν
1195 1720 1228 1784 ᾦ
1256 1727 1432 1782 σῶφρον
1459 1724 1679 1782 μειράκιον

235 1792 397 1850 εἰσάγει
438 1796 513 1838 καὶ
556 1794 698 1849 ἕτερον
744 1792 981 1849 ἄχρηστον·
1025 1793 1277 1850 εὐδοκίμησε
1322 1797 1367 1837 δὲ
1405 1794 1580 1851 σφόδρα
1630 1795 1677 1836 ἐν

234 1863 373 1923 τούτῳ
419 1864 479 1922 τῷ
520 1861 721 1920 δράματι.
794 1867 1025 1906 Secundum
1069 1868 1204 1907 locum
1246 1868 1469 1907 obtinuisse
1513 1870 1676 1919 poetam

233 1938 344 1977 idem
376 1937 593 1976 scholiasta
630 1935 763 1974 addit:
799 1930 944 1988 ἄριστ’
977 1930 1267 1985 ἠκουσάτην]·
1307 1932 1403 1974 ἀντὶ
1439 1933 1517 1975 τοῦ
1556 1931 1675 1974 εὐδο-

234 2001 434 2057 κίμησεν,
474 2002 567 2042 ἐπεὶ
595 1999 787 2056 δεύτξρος
815 1999 971 2055 ἐκρίθη
1001 2001 1046 2041 ἐν
1075 1997 1210 2056 τούτῳ
1239 2001 1298 2057 τῷ
1327 2001 1527 2056 δράματι.
1590 2005 1675 2044 Ne-

234 2087 315 2127 que
342 2085 439 2112 vero
467 2072 556 2124 ipse
585 2072 874 2123 Aristophanes
905 2072 1041 2110 docuit
1071 2070 1272 2119 fabulam,
1309 2072 1381 2111 sed
1411 2074 1478 2113 alii
1507 2073 1674 2113 commi-

233 2145 308 2193 sit,
345 2143 388 2182 id
425 2141 534 2193 qnod
569 2152 709 2180 versus
747 2140 815 2179 isti
855 2143 1044 2191 arguunt,
1074 2140 1126 2179 de
1156 2152 1234 2192 qua
1263 2141 1426 2192 quidem
1455 2154 1502 2181 re
1530 2153 1673 2194 parum

233 2211 412 2253 dilucide
440 2210 677 2250 scholiasta:
718 2208 818 2254 παῖς
849 2203 898 2245 δ’
930 2204 1096 2262 ἑτέρα]·
1133 2206 1377 2257 Φιλωνίδης
1405 2209 1479 2249 καὶ
1508 2205 1674 2248 Καλλί-

233 2288 438 2334 στρατος·
475 2273 527 2316 οὐ
566 2272 633 2315 δι’
672 2273 826 2315 ἑαυτοῦ
867 2272 1034 2326 ἐδίδαξε
1072 2273 1171 2323 τοὺς
1206 2276 1454 2328 Δαιταλεῖς,
1502 2275 1673 2330 πρῶτον

233 2345 370 2388 αὐτοῦ
410 2344 575 2400 δρᾶμα,
621 2350 662 2385 et
708 2346 852 2385 similia
900 2346 967 2385 alii
1007 2360 1029 2385 a
1078 2346 1252 2386 eundem
1295 2347 1430 2386 locum
1474 2347 1669 2388 dictitant.

232 2416 469 2459 Accuratius
499 2428 595 2455 vero
625 2415 908 2467 grammaticus
937 2415 1006 2453 ille
1025 2415 1075 2454 de
1092 2415 1301 2454 comoedia
1318 2429 1358 2467 p.
1374 2416 1534 2455 XXIX:
1551 2411 1668 2453 Ἕδί-

233 2483 335 2535 δαξε
365 2482 410 2523 δὲ
439 2483 608 2536 πρῶτον
637 2482 707 2522 ἐπὶ
744 2479 946 2534 ἄρχοντος
975 2479 1181 2534 Διοτίμου
1223 2480 1296 2521 διὰ
1325 2477 1666 2533 Καλλιστράτου.

233 2555 374 2604 ltaque
409 2553 488 2593 hoc
529 2554 690 2603 quidem
727 2557 883 2599 constat
911 2552 1225 2603 Aristophanem
1263 2557 1450 2604 praetore
1487 2551 1664 2590 Diotimo

233 2622 394 2674 Olymp‚
409 2621 658 2662 LXXXVIII
689 2621 712 2660 1
741 2633 816 2673 per
831 2621 1103 2661 Callistratum
1131 2621 1391 2660 Daetalenses
1421 2619 1664 2669 exhibuisse,

232 2701 402 2745 eamque
430 2690 679 2731 comoediam
707 2690 886 2731 secundo
915 2691 1094 2742 praemio
1125 2693 1304 2731 ornatam
1334 2700 1440 2729 esne.
1493 2688 1663 2738 Quaeri-
