1716 3164
211 166 294 207 668
795 164 1069 206 PLATONIS

210 278 412 329 Harpocr.
450 287 491 327 p.
520 274 600 314 23:
636 267 847 320 ἀνακῶς
883 271 981 313 ἀντὶ
1017 272 1095 313 τοῦ
1132 270 1339 329 ἀσφαλῶς
1375 274 1494 331 παρὰ
1527 273 1658 316 Πλά-
1702 296 1707 313 ,-

208 356 312 385 τωνι
338 342 398 397 τῷ
426 339 598 397 κωμικῷ
625 341 720 382 Καὶ
757 339 835 391 τὰς
862 338 1012 397 θύρας
1050 338 1217 391 ἀνακῶς
1253 341 1373 398 ἔχειν.
1435 348 1656 387 Fiet-sonus
1702 349 1704 352 ’

209 413 298 463 τῆς.
355 415 468 453 Fort.
510 410 600 460 τᾶς.
657 414 694 453 A
724 413 872 454 Dorico
903 415 1011 454 enim
1040 415 1141 453 haec
1169 414 1336 454 homine
1365 417 1443 455 dici
1472 430 1552 457 non
1580 417 1656 456 im-
1702 454 1704 466 ἱ

210 482 423 536 probabile
460 487 535 522 est.
593 482 812 522 Erotianus
837 497 875 535 p.
889 485 955 523 66.
985 480 1217 530 ἀνακῶς-ε
1248 481 1452 535 ἐπιμελῶς
1481 486 1555 524 καὶ
1584 497 1657 524 πε-

210 549 605 606 ριπεᾳυλαγμένως.
663 547 756 590 ἔστι
786 550 831 590 δὲ
860 548 886 601 ἡ
918 549 1026 601 λέξις
1056 546 1226 606 δωρική.
1296 553 1379 592 Sed
1409 559 1575 595 utuntur
1606 567 1655 595 eo

211 624 333 664 etiam
364 621 501 663 Attici.
559 620 633 662 Cfr
664 621 884 663 Pausanias
915 623 1023 675 apud
1051 624 1237 665 Eustath.
1270 636 1311 676 p.
1343 623 1451 662 1424
1480 624 1548 664 60.

850 710 1002 752 XXIV.

322 793 570 845 Hesychius,
615 787 898 843 Ἀσελγήςε
941 788 1202 844 ἀκόλαστος,
1244 789 1507 848 ἀκάθαρτος.
1565 789 1658 833 ἔστι

211 862 257 902 δὲ
293 858 476 914 ἀσελγὴς
514 857 537 900 ὁ
574 859 708 914 μέγας
737 855 765 910 ἢ
793 858 1000 916 σφοδρός,
1036 858 1093 910 ῶς
1132 860 1322 902 Πλάτων
1357 858 1657 914 ἀσελγόκε-
1712 849 1716 883 ³¹

211 944 314 987 ρων
343 929 419 972 τὸν
446 927 757 986 μεγαλόκερων.
817 933 945 982 Idem,
978 930 1142 987 Κριὸς
1179 929 1563 986 ἀσελγόκερωςε
1602 922 1658 982 ἦν
1710 948 1716 962 «¹

209 1001 256 1042 ἐν
283 1000 337 1059 ’τῇ
365 997 597 1056 ἀκροπόλει
626 998 742 1055 κριὸς
771 996 1048 1054 ἀνακείμενος
1086 1002 1220 1055 μέγας
1252 1001 1449 1056 χαλκοῦς.
1496 997 1657 1041 ἀσελ-
1709 1019 1716 1026 ·

209 1069 453 1126 γόκερων
489 1069 533 1110 δὲ
563 1067 698 1110 αὐτὸν
727 1060 816 1110 εἶπε
846 1067 1036 1110 Πλάτων
1065 1066 1089 1110 ὁ
1119 1069 1302 1125 κωμικὸς
1338 1072 1411 1112 καὶ
1439 1071 1658 1126 συναριθ-

209 1141 286 1195 μεῖ
324 1137 441 1197 αὐτῷ
479 1137 555 1180 τόν
593 1154 639 1193 γε
675 1136 919 1193 Δούριον
953 1134 1137 1182 ἵππον.
1195 1139 1246 1181 τὸ
1286 1139 1367 1195 γάρ
1402 1136 1574 1192 ἀσελγὲς
1602 1166 1658 1174 -.

211 1208 330 1251 ἔστιν
360 1204 431 1251 ὅτε
460 1210 534 1250 καὶ
562 1208 633 1249 ἐπὶ
662 1208 740 1249 τοῦ
766 1206 966 1263 μεγάλου.
1005 1237 1060 1244 —-
1089 1206 1268 1264 ἄμεινον
1297 1209 1343 1249 δὲ
1370 1208 1447 1249 τὸν
1476 1204 1659 1261 άσελγό-

209 1293 341 1335 κέρων
371 1279 581 1333 δέχεσθαι
608 1270 721 1319 εἶναι
749 1277 825 1319 τὸν
853 1276 1076 1331 κρείττονα
1106 1282 1344 1333 (corrigunt
1372 1276 1657 1335 κυρίττοντα)
1692 1289 1693 1295 ’

208 1351 282 1391 καὶ
311 1349 443 1390 οἱονεὶ
471 1348 745 1404 ἐξυβρίζοντα
774 1349 862 1398 τοῖς
889 1349 1073 1404 κέρασιν,
1135 1351 1305 1390 Photius
1336 1351 1432 1391 Lex,
1449 1365 1489 1403 p.
1508 1351 1587 1390 179
1618 1350 1658 1391 1.

210 1418 392 1475 Κριὸν
444 1415 838 1475 άσελγόκερωνς
897 1417 973 1459 τὸν
1011 1415 1241 1469 Ἀθήνησι
1281 1418 1471 1472 χαλκοῦν
1515 1416 1660 1474 κυρίτ-
1711 1427 1716 1468 j

209 1502 343 1530 τοντα
383 1489 458 1529 καὶ
495 1486 726 1544 ὑβρίζοντα
763 1492 853 1537 τοῖς
892 1489 1080 1543 κέρασιν.
1149 1491 1445 1530 Grammaticus
1481 1490 1658 1529 Bekkeri

209 1575 251 1615 p.
281 1561 362 1601 451
396 1561 472 1600 16:
512 1554 894 1614 ἀσελγόκερων
921 1556 1073 1613 κριὸν
1101 1554 1289 1598 Πλάτων
1319 1558 1396 1598 τὸν
1423 1555 1658 1612 μεγαλοκε-

209 1642 310 1684 ρων,
338 1626 366 1679 ἢ
397 1627 473 1669 τὸν
497 1628 692 1682 χαλεπὸν
719 1629 793 1668 καὶ
824 1618 972 1681 βίαιον
1002 1628 1089 1676 τοῖς
1118 1628 1309 1682 κέρασιν.
1347 1630 1466 1669 Prov.
1497 1628 1655 1668 Bodlei.

208 1701 306 1742 555.
335 1696 484 1754 κριὸς
514 1695 903 1754 ἀσελγόκερωςς
933 1695 1124 1738 Πλάτων
1151 1693 1175 1737 ὁ
1203 1695 1387 1750 κωμικὸς
1415 1694 1493 1736 τὸν
1519 1696 1659 1750 μέγαν

210 1766 361 1824 φησιν.
421 1767 499 1809 τὸν
527 1766 609 1824 γὰρ
639 1766 797 1821 ἀσελγῆ
826 1764 877 1807 οὐ
906 1764 1043 1821 μόνον
1070 1766 1141 1807 ἐπὶ
1179 1765 1257 1806 τοῦ
1293 1762 1536 1807 ἀκολάστου
1565 1762 1654 1806 ἀλλ’

209 1838 329 1881 ἔστιν
369 1831 438 1878 ὅτε
467 1839 541 1879 καὶ
570 1838 642 1878 ἐπὶ
670 1836 748 1880 τοῦ
773 1831 963 1891 μεγάλου
992 1834 1184 1886 ἔταττον,
1223 1832 1281 1884 ώς
1309 1832 1470 1889 ἄνέμον
1498 1833 1657 1888 ἀσελγῆ

210 1911 403 1963 (Eupolis
418 1912 581 1963 Fragm.
597 1911 676 1950 inc.
688 1909 838 1959 XXV).
870 1907 943 1948 Cfr
958 1908 1103 1947 Suidas
1134 1922 1170 1947 v.
1184 1904 1300 1960 κριὸς
1329 1913 1370 1946 et
1383 1907 1657 1959 Diogenianus

209 1981 247 2023 V
276 1981 343 2020 62.
407 1981 468 2019 De
497 1979 632 2019 Durio
661 1991 764 2032 equo
802 1978 844 2017 in
882 1977 1062 2028 acropoli
1091 1977 1342 2018 Athenarum
1380 1976 1472 2015 vide
1503 1977 1656 2017 Pausa-
1710 2015 1712 2018 .

210 2050 317 2090 niam
346 2050 430 2090 Att.
467 2050 485 2089 1
514 2050 569 2090 23
600 2053 641 2089 et
669 2050 799 2101 intpp.
831 2047 1030 2099 Hesychii
1059 2059 1093 2088 s.
1124 2059 1162 2087 v.
1193 2041 1370 2100 Δούριος
1398 2039 1546 2093 ἵππος.

884 2151 1014 2193 XXV.

269 2226 274 2230 ⁶
317 2235 567 2288 Hesychius,
610 2228 819 2282 Ἀλῆτιςι
859 2230 980 2288 ἑορτὴ
1015 2228 1296 2282 Ἀθήνησιν,
1334 2227 1361 2281 ἡ
1398 2229 1477 2271 νῦν
1511 2226 1657 2286 Ἐῶρα

204 2304 424 2358 λεγομένη.
482 2304 556 2344 καὶ
585 2298 746 2358 ἡμέρας
776 2299 940 2358 ὄνομα,
969 2298 1025 2351 ῶς
1055 2299 1245 2342 Πλάτων
1274 2299 1298 2342 ὁ
1326 2297 1522 2354 κωμικός.
1580 2303 1656 2342 So-

205 2377 366 2428 pingius
404 2388 478 2427 pro
517 2368 679 2426 ἡμέρας
707 2363 883 2414 fortasse
912 2380 1025 2414 recte
1058 2368 1311 2427 Ἠριγόνης.
1379 2374 1439 2413 De
1475 2372 1657 2424 Erigone

204 2445 384 2493 Aletide,
415 2445 480 2484 cui
510 2456 643 2483 annua
672 2456 787 2483 sacra
814 2445 967 2483 fiebant
982 2444 1087 2495 apud
1101 2444 1384 2490 Athenienses,
1416 2446 1574 2480 constat
1606 2453 1656 2480 ex
1714 2475 1716 2496 ἔ

204 2514 414 2566 Hesychio
444 2526 481 2553 v.
512 2506 667 2565 Αἰῶρα
697 2513 882 2565 aliisque.
942 2514 1046 2551 Rem
1077 2514 1240 2563 copiose
1270 2517 1463 2550 tractasse
1495 2510 1656 2550 videtur
1710 2503 1716 2536 3³

205 2583 501 2624 Eratosthenes
530 2583 572 2623 in
602 2583 796 2636 Erigone.
826 2585 865 2633 ¹⁸¹)
911 2582 1004 2635 lpse
1033 2583 1238 2622 tentabam
1269 2581 1365 2621 olim
1395 2574 1584 2633 ἑταίρας.

295 2725 330 2770 ⁸)
365 2726 583 2768 Fragmentis
622 2738 643 2761 a
679 2726 897 2762 Bernhardio
937 2724 1088 2759 collectis
1123 2723 1210 2758 adde
1247 2734 1335 2768 quae
1370 2725 1530 2767 leguntur
1565 2724 1655 2769 apud
