1716 3164
682 176 996 221 AHMMAI.
1477 175 1590 217 lom

108 297 216 352 quod
246 295 297 337 ad
330 294 488 336 Bendin
520 294 789 335 referendum
822 307 916 334 esse
947 293 1103 334 docent
1131 290 1411 347 grammatici:
1454 289 1591 343 arguit

105 372 242 408 autem
283 367 354 406 hic
391 378 535 406 versus
574 371 692 415 tunc,
732 378 824 405 cum
857 368 981 417 poeta
1026 363 1215 404 docuerit
1254 363 1361 402 hanc
1390 361 1590 410 fabulam,

105 451 226 491 quam
258 436 433 477 maxime
450 437 661 485 Bendidis,
692 435 898 476 Thraciae
929 435 1045 482 deae,
1079 435 1326 487 religionem
1357 431 1591 473 ferbuisse:

106 514 249 550 contra
289 508 397 548 hanc
434 507 559 560 igitur
598 505 915 546 Atheniensium
952 506 994 544 in
1037 504 1152 544 novis
1193 505 1463 555 barbarisque
1494 502 1593 542 reli·

104 580 296 634 gionibus
328 578 594 618 admittendis
626 577 858 625 levitatem,
898 589 1004 627 quae
1037 588 1118 615 non
1149 575 1282 614 minus
1315 587 1436 626 quam
1467 575 1595 626 impia

107 651 257 692 mentis
288 648 521 700 arrogantia
551 647 765 700 polluebat
796 651 838 685 et
868 646 1094 698 dissipabat
1124 658 1262 695 sacra,
1293 645 1595 698 Aristophanes

109 721 304 762 Lemnias
334 719 542 759 videbitur
586 718 821 770 scripsisse3
869 717 939 768 qui
971 729 1064 756 cum
1096 718 1356 769 Argonautas
1387 715 1596 756 Thraciae

110 792 214 832 deae
244 803 362 831 sacra
394 789 597 829 facientes
635 788 818 838 induxit,
858 788 1183 829 Atheniensibus
1212 787 1364 828 foedae
1394 786 1596 840 supersti-

109 863 254 912 tionis,
295 874 375 914 qua
406 860 486 913 ipsi
524 860 794 908 tenebantur,
835 860 1103 899 clarissimam
1134 859 1320 899 exhibuit
1350 857 1596 912 imaginem;

112 935 204 987 ipsa
240 939 378 973 autem
421 931 492 971 illa
530 930 672 970 fabula
710 931 762 969 de
794 931 1126 983 Argonautarum
1158 942 1251 970 cum
1284 929 1468 970 Lemniis
1498 940 1599 969 con-

112 1006 223 1044 victu
263 1003 362 1043 satis
401 1005 635 1054 opportuna
676 999 757 1040 fuit
798 1001 850 1040 ad
887 1001 1080 1041 libidines
1112 1001 1453 1050 Atheniensium,
1492 1012 1599 1052 quae

112 1073 325 1115 nocturnis
371 1073 568 1113 Bendidis
606 1072 833 1124 pervigiliis
874 1072 1079 1112 effrenate
1120 1072 1460 1120 dominabantur,
1503 1083 1599 1123 per-

113 1144 388 1199 stringendas.
448 1145 648 1196 Tempus,
681 1156 762 1196 quo
794 1143 934 1183 fabula
965 1147 1053 1183 acta
1085 1143 1159 1193 sit,
1190 1143 1366 1183 definire
1397 1141 1599 1181 difficilli-

114 1229 247 1265 mum,
278 1228 370 1255 cum
402 1215 547 1254 aetatis
580 1220 724 1265 notae,
764 1215 798 1255 si
829 1228 852 1254 a
884 1215 1028 1254 Dorilli
1055 1214 1181 1254 dubia
1211 1214 1412 1254 memoria
1443 1213 1599 1253 disces-

112 1287 232 1336 seris,
264 1286 401 1326 nullae
431 1285 706 1338 reperiantur.
750 1285 948 1325 Bendidis
978 1293 1116 1326 autem
1147 1286 1299 1339 religio
1329 1286 1410 1325 iam
1442 1284 1601 1324 dudum

113 1359 222 1411 apud
253 1357 531 1398 Athenienses
563 1361 746 1409 recepta,
776 1357 868 1396 vide
899 1369 1006 1409 quae
1038 1357 1121 1396 dixi
1150 1357 1192 1397 in
1224 1357 1384 1397 Comm.
1410 1370 1450 1408 p.
1466 1355 1523 1395 74
1540 1367 1602 1407 sq.

113 1429 337 1480 docuitque
379 1428 528 1468 eodem
571 1428 744 1468 consilio
792 1429 986 1470 Cratinus
1033 1429 1238 1469 Thressas
1283 1428 1392 1468 circa
1435 1426 1602 1479 Olymp-

116 1501 331 1542 LXXXlV
361 1500 402 1549 2,
445 1499 527 1540 vid.
556 1499 656 1539 ibid.
687 1513 726 1552 p.
758 1500 827 1539 79.
895 1499 950 1539 At
980 1499 1273 1559 Aristophanis
1310 1502 1448 1537 aetate
1486 1497 1603 1537 vide-

113 1577 183 1613 tur
212 1572 348 1612 subito
378 1572 450 1610 illa
478 1572 720 1624 superstitio
759 1575 881 1611 aucta
920 1574 962 1611 et
998 1572 1163 1611 firmata
1201 1584 1317 1620 esse,
1361 1568 1474 1621 quod
1511 1568 1602 1620 qui-

115 1643 211 1683 dem
242 1642 441 1682 accidisse
470 1647 571 1694 puto
602 1656 651 1682 eo
683 1647 888 1695 tempore,
918 1642 959 1682 in
991 1643 1103 1695 quod
1133 1641 1362 1683 Siciliensis
1394 1638 1603 1692 expeditio

117 1714 247 1753 cadit:
292 1713 448 1752 nullum
482 1713 589 1752 enim
621 1726 799 1766 unquam
838 1713 920 1753 fuit
950 1718 1114 1767 tempus
1146 1726 1227 1766 quo
1259 1718 1301 1752 et
1340 1713 1532 1765 impietas
1563 1716 1605 1751 et

118 1784 357 1837 superstitio
389 1784 677 1824 vehementius
707 1784 1026 1826 Atheniensium
1063 1784 1400 1838 perturbaverint
1430 1784 1604 1824 animos.

120 1857 228 1897 Olim
256 1855 423 1908 quidem
455 1855 578 1894 statui
605 1856 767 1909 Olymp.
798 1856 1008 1897 LXXXtV
1039 1856 1206 1908 publica
1237 1855 1482 1895 auctoritate
1511 1867 1606 1894 san-

118 1927 199 1967 cita
229 1939 320 1966 esse
337 1926 553 1974 Bendidia‚
584 1931 708 1978 atque
726 1926 777 1966 ad
798 1926 972 1966 eandem
1004 1932 1184 1968 aetatem
1216 1926 1464 1977 referebam,
1481 1924 1604 1971 diem,

119 2010 200 2050 quo
234 1997 352 2036 Plato
384 1997 503 2049 fingit
545 1997 796 2049 colloquium
837 1998 890 2037 de
929 2011 975 2036 re
1014 1999 1181 2050 publica
1217 1998 1450 2037 institutum
1490 1992 1605 2036 esse³

119 2072 161 2108 at
196 2080 301 2120 quae
340 2080 472 2118 nuper
512 2067 747 2108 Boeckhius
789 2068 832 2108 in
874 2068 1011 2108 indice
1048 2069 1182 2108 Lectt.
1214 2068 1353 2108 Berol.
1399 2065 1510 2106 1839
1554 2065 1607 2105 de

121 2138 200 2178 hac
229 2152 276 2178 re
307 2138 529 2187 disseruit,
566 2138 645 2178 iam
686 2139 817 2179 multo
857 2138 1086 2192 probabilia
1131 2139 1329 2188 arbitror,
1366 2139 1466 2178 licet
1502 2149 1608 2176 non-

124 2208 222 2249 dum
252 2221 397 2248 omnes
427 2209 614 2249 sublatae
644 2210 833 2250 videatur
878 2210 1174 2252 difficultates:
1216 2210 1291 2250 sed
1332 2209 1384 2249 de
1424 2208 1490 2247 his
1521 2206 1606 2246 dis-

124 2291 267 2318 serere
308 2278 477 2329 longum
517 2284 594 2320 est.
666 2280 706 2319 Is
742 2281 871 2332 igitur
910 2281 1050 2320 docuit
1093 2281 1347 2332 colloquium
1387 2277 1493 2318 illud
1523 2289 1607 2317 non

126 2353 220 2400 post
250 2348 414 2400 Olymp.
445 2348 562 2388 XCll
593 2349 723 2388 2-4
754 2354 993 2402 peroratum
1024 2350 1148 2402 fingi,
1179 2356 1222 2390 et
1251 2349 1469 2397 Bendidia,
1501 2359 1609 2401 quae

128 2419 247 2458 Plato
280 2418 378 2458 dicit
408 2424 506 2458 tunc
536 2420 714 2472 primum
755 2420 965 2461 celebrata
1005 2434 1101 2460 esse
1138 2418 1362 2472 (κατέβην
1397 2417 1510 2471 χθὲς
1549 2411 1610 2467 εἰς

127 2485 321 2541 Πειραιᾶ
369 2486 480 2540 μετὰ
518 2486 782 2537 Γλαύκωνος
821 2488 899 2530 τοῦ
936 2486 1220 2544 Ἀρίστωνος,
1261 2483 1610 2545 προσευξόμενός

125 2572 171 2598 τε
202 2557 255 2615 τῇ
276 2556 368 2614 θεῷ
397 2559 474 2598 καὶ
503 2553 597 2612 ἅμα
628 2558 708 2610 τὴν
736 2558 890 2616 ἑορτὴν
920 2560 1186 2615 βουλόμενος
1202 2557 1477 2603 θεάσασθαι
1507 2555 1610 2600 τίνοι

129 2626 291 2683 τρόπον
322 2626 611 2682 ποιήσουσιν,
651 2624 683 2670 ἅ
711 2646 751 2671 τε
785 2631 863 2672 νῦν
894 2631 1068 2686 πρῶτον
1098 2629 1331 2685 ἄγοντες),
1371 2632 1607 2672 necessario

131 2701 172 2740 in
202 2702 312 2741 idem
343 2707 505 2754 tempus
536 2704 732 2744 incidere.
783 2705 869 2744 lam
900 2707 1028 2757 igitur
1058 2710 1380 2747 consentaneum
1412 2707 1476 2743 est
1499 2705 1610 2743 Ben-

135 2770 240 2812 didis
269 2772 529 2826 religionem,
561 2788 665 2827 quae
682 2777 859 2830 primum
891 2777 996 2819 clam
1027 2791 1073 2818 se
1102 2776 1392 2819 insinuat-isset
1424 2775 1466 2815 in
1499 2773 1610 2825 vulgi
