1716 3164
598 190 1015 245 mmmmm.
1431 199 1542 245 1147

69 322 299 362 Comment.
332 331 372 370 p.
403 317 499 357 335.
571 317 822 357 Comoediae
859 321 996 357 autem
1037 317 1267 358 institutum
1305 314 1417 356 haud
1448 329 1543 369 per-

68 389 201 442 spexit
242 388 494 428 Suevernius
531 388 572 427 in
615 388 845 426 Comment.
889 387 940 426 de
971 389 1071 428 Avv.
1113 401 1154 440 p.
1186 387 1254 436 42,
1294 387 1363 438 qui
1402 391 1545 427 censet

70 464 234 512 poetam
274 460 314 498 in
355 458 434 497 hac
471 457 609 497 fabula
647 457 882 497 exhibuisse
921 457 1052 497 virum
1095 457 1273 508 aliquem
1305 456 1472 496 divitem
1503 461 1547 497 et

71 515 252 570 nobilem
301 529 561 579 eundemque
616 528 845 566 litterarum
898 527 1272 579 philosophiaeque
1316 527 1546 567 studiosum

72 601 354 652 improborum
386 598 641 637 adulatorum
683 611 812 650 grege
852 599 1069 648 stipatum:
1111 602 1153 636 et
1183 602 1227 636 ut
1258 597 1362 636 solet
1395 599 1455 636 vir
1484 599 1547 638 in-

74 670 383 724 geniosissimus
413 670 521 708 iusto
547 664 740 707 audacius
759 668 997 707 coniectura
1016 668 1221 720 augurari,
1253 667 1308 707 ita
1325 668 1429 707 haec
1447 682 1547 720 quo-

76 754 157 793 que
187 741 236 780 ad
268 744 426 779 certum
458 739 634 790 aliquem
667 739 877 778 hominem
909 750 1106 778 revocare
1137 738 1318 786 studuit,
1359 739 1550 779 Calliam-

77 824 182 864 que,
214 810 435 863 Hipponici
467 810 610 858 filium,
642 809 890 861 exagitatum
921 822 1014 848 esse
1044 808 1218 856 censuit,
1250 821 1355 859 quae
1386 810 1552 860 quidem

79 882 315 922 coniectura
348 881 459 920 nullo
493 893 662 932 prorsus
694 881 881 918 firmatur
907 884 1166 931 argumento.
1234 879 1364 919 immo
1394 880 1553 920 Aristo-

79 952 236 1005 phanes
276 955 320 990 ut
358 951 464 990 solet
504 951 544 989 in
585 950 793 1002 plerisque
833 949 1079 997 comoediis,
1128 949 1303 988 finxerat
1343 950 1555 991 liberrime

78 1020 260 1061 fabulam
301 1020 541 1072 induxitque
584 1021 775 1060 iuvenem
821 1020 999 1071 aliquem
1043 1019 1249 1068 Atticum,
1295 1020 1363 1070 qui
1401 1019 1557 1071 pariter

80 1096 204 1144 atque
226 1091 377 1131 Callias
409 1104 507 1143 opes
539 1091 720 1143 perdidit
749 1090 840 1129 istis
871 1089 1019 1129 studiis
1050 1089 1230 1138 deditus,
1262 1088 1335 1128 sed
1366 1088 1556 1140 profecto

82 1175 164 1202 non
195 1163 325 1214 magis
355 1162 446 1213 ipse
475 1162 546 1200 ille
577 1162 729 1202 Callias
772 1160 873 1209 fuit,
915 1172 1035 1211 quam
1066 1160 1107 1199 in
1140 1159 1293 1199 Avibus
1325 1159 1558 1200 Pisthetae..

82 1245 153 1272 rus
184 1233 422 1281 Alcibiadis,
454 1238 523 1271 aut
555 1232 595 1272 in
615 1233 862 1284 Amphiarao
893 1244 1018 1270 senex
1049 1231 1120 1269 ille
1150 1230 1386 1282 decrepitus
1416 1231 1560 1273 Niciae

83 1308 224 1356 partes
263 1303 391 1342 tuitus
435 1307 510 1342 est.
582 1302 646 1342 Ad
688 1302 859 1343 Galliam
899 1306 1036 1341 autem
1080 1300 1209 1340 multo
1251 1299 1384 1340 minus
1422 1306 1561 1353 potest

84 1373 190 1413 haec
220 1373 432 1413 comoedia
463 1371 637 1421 referri,
677 1373 712 1412 si
743 1386 832 1412 eam
863 1378 979 1411 recte
1010 1372 1060 1411 ad
1092 1371 1248 1411 seriora
1279 1375 1466 1423 tempora
1492 1385 1561 1412 re-

86 1443 190 1482 ieciz
228 1447 585 1495 occupaveratque
623 1443 734 1482 idem
766 1447 1054 1495 argumentum
1087 1442 1259 1493 Eupolis
1290 1441 1331 1481 in
1364 1442 1562 1482 Adulato-

87 1514 225 1562 ribus,
256 1525 362 1565 quae
392 1513 533 1552 fabula
563 1514 726 1565 integra
756 1514 795 1552 in
829 1513 985 1553 Calliae
1016 1513 1182 1551 nomine
1213 1513 1440 1554 deridendo
1471 1527 1564 1554 ver-

88 1584 268 1624 sabatur.
327 1585 380 1624 At
408 1584 631 1623 intercedit
663 1597 762 1623 sane
788 1597 934 1636 magna
965 1583 1166 1634 quaedam
1199 1583 1424 1623 similitudo
1454 1584 1566 1624 inter

89 1654 307 1706 utriusque
338 1654 581 1693 comoediae
610 1654 869 1692 institutum:
900 1658 943 1692 et
979 1648 1266 1703 Ταγηνισταί,
1297 1653 1350 1693 de
1379 1666 1460 1706 quo
1492 1665 1566 1695 no-

92 1725 204 1763 mine
242 1723 317 1763 cfr.
359 1724 504 1763 Pollux
546 1724 581 1763 X
622 1724 690 1773 39,
730 1723 838 1763 dicta
880 1729 942 1763 est
981 1723 1086 1763 haec
1124 1724 1336 1763 comoedia
1375 1737 1398 1764 a
1436 1725 1567 1767 choro

92 1797 417 1842 assentatorum,
463 1795 808 1846 quemadmodum
851 1794 1023 1845 Eupolis
1061 1795 1162 1833 dixit
1200 1795 1270 1833 Fr.
1316 1795 1413 1835 Vll:
1471 1792 1569 1834 Τῶν

94 1861 191 1917 περὶ
222 1858 412 1915 τάγηνον
448 1863 523 1903 καὶ
552 1859 649 1917 μήτ’
682 1859 864 1917 ἄριστον
894 1861 1049 1916 φίλων.
1123 1864 1301 1904 Divitem
1339 1871 1477 1905 autem
1519 1866 1569 1906 il-

95 1935 180 1975 lum
215 1936 445 1985 hominem,
483 1936 600 1975 cuius
639 1936 797 1988 primae
837 1934 1008 1974 fuerunt
1044 1934 1086 1973 in
1124 1933 1203 1973 hac
1240 1933 1379 1974 fabula
1417 1941 1571 1987 partes,

95 2013 233 2061 poeta,
263 2011 310 2046 ut
341 2007 543 2056 conficio,
572 2007 692 2046 finxit
722 2005 908 2045 eiusdem
938 2005 1050 2044 illius
1085 2004 1248 2043 Prodici
1280 2000 1498 2056 disciplina
1528 2010 1572 2046 et

95 2077 355 2120 institutione
399 2090 518 2117 usum
562 2089 678 2126 esse,
721 2077 763 2115 id
805 2075 914 2127 quod
954 2087 1035 2115 non
1075 2074 1207 2113 solum
1247 2075 1421 2115 coniicio
1461 2076 1574 2127 inde,

98 2151 208 2203 quod
241 2149 440 2189 Prodicus
461 2149 542 2195 Fr.
569 2147 628 2187 111
659 2150 1009 2187 commemoratur
1036 2149 1225 2196 tanquam
1257 2145 1451 2184 iuvenum
1482 2159 1575 2186 cor-

97 2227 258 2273 ruptor,
288 2218 362 2258 sed
393 2218 568 2257 maxime
599 2231 648 2257 ex
679 2218 749 2257 Fr.
778 2217 793 2255 Ι
824 2217 865 2255 in
897 2228 979 2266 quo
1010 2227 1115 2266 quae
1145 2215 1423 2265 disputuntur,
1455 2215 1577 2266 plane

102 2302 195 2331 cum
227 2287 393 2330 Prodici
423 2288 609 2326 doctrina
640 2287 692 2326 de
723 2291 859 2325 morte
888 2286 1052 2336 vitaque
1083 2286 1260 2324 humana
1290 2289 1535 2336 congruunt.

830 2417 860 2456 1.

274 2527 368 2568 Καὶ
398 2526 488 2581 μὴν
520 2522 669 2567 πόθεν
700 2522 916 2566 Πλουτών
945 2523 990 2579 y’
1021 2519 1076 2564 ἂν
1105 2521 1363 2578 αἰνολιιάζετο,

274 2606 315 2652 εἰ
340 2609 400 2665 μὴ
432 2610 487 2651 τὰ
517 2607 714 2664 βέλτιστ’
745 2608 920 2664 ἕλαχόνς
951 2605 1000 2649 ἓν
1031 2608 1076 2649 δέ
1108 2622 1178 2649 σοι
1210 2604 1380 2663 φράσω,

279 2689 369 2753 ὅσῳ
401 2693 453 2736 τὰ
484 2693 602 2736 κάτω
630 2692 808 2750 κρείττω
837 2692 949 2735 ’στὶν
977 2684 1040 2733 ὦν
1069 2690 1093 2733 ὁ
1125 2690 1233 2741 Ζεύς
1261 2689 1358 2747 ἔχει.

278 2774 388 2821 ὅταν
415 2779 498 2836 γὰρ
529 2778 666 2834 ἱστᾶς,
697 2778 776 2820 τοῦ
806 2774 1024 2819 ταλάντου
1053 2774 1104 2818 τὸ
1132 2775 1266 2834 ῥέπον
