1716 3164
623 154 957 202 ΠΡΕΣΒΕΙΣ.
1449 158 1535 201 657

0 267 1 317 J
46 289 159 325 τους.
226 277 343 329 Quae
372 274 548 316 totidem
577 273 722 316 verbis
750 274 948 327 leguntur
977 272 1088 327 apud
1118 271 1288 314 Suidam
1317 283 1357 312 v.
1387 264 1532 325 ἄχθο-

42 360 138 403 μαι.
199 347 293 389 Non
324 347 482 400 primus
512 349 651 386 autem
680 345 763 385 hoe
789 344 1036 386 vocabulum
1053 344 1186 385 fiuxit
1215 343 1350 385 Plato.
1379 343 1532 384 Eusta-

45 420 159 461 thius
192 418 243 458 ad
275 418 425 471 Odyss.
457 430 499 470 p.
531 417 642 457 1828
673 417 753 456 llz
795 409 1122 471 ῥνποκόνδυλος
1163 412 1240 454 καὶ
1269 396 1548 469 σνκοτραγί·“

44 488 123 540 δης
151 484 261 543 παρ’
289 481 560 527 Ἱππώνακτι
588 485 664 526 καὶ
690 479 951 541 Ἀρχιλόχῳ.
1012 487 1212 527 Ceterum
1243 486 1296 525 de
1327 486 1528 538 Epicrate

45 567 118 603 ant
147 560 384 601 Phormisio
421 558 526 598 haec
564 557 840 609 intelligenda
882 570 976 598 esse
1015 557 1192 597 indicavi
1230 556 1329 596 olim
1360 557 1530 608 Quaest.

49 646 165 675 scen.
198 631 236 671 11
267 645 307 684 p.
337 630 392 670 23
422 629 552 679 (Hist.
583 628 672 669 crit.
703 641 744 681 p.
777 628 895 680 184).
954 629 1122 669 Monuit
1151 640 1262 669 nunc
1292 627 1418 667 etiam
1445 627 1528 669 Th.

54 703 277 757 Bergkius.
347 700 409 739 De
457 699 669 740 immundo
727 699 1044 741 Atheniensium
1095 692 1533 752 λακωνομανούντων

50 775 194 816 habitu
225 771 307 812 dixi
336 771 446 812 nist.
479 772 568 811 crit.
599 772 767 824 p..486.

772 884 826 925 11.

323 965 541 1016 Κυάθους
571 960 705 1017 ὅσους
734 966 999 1019 ἐκλεπτέτην
1027 964 1246 1010 ἑκάστοτε.

154 1083 394 1126 Athenaeus
423 1081 461 1122 X
486 1096 527 1137 p.
558 1083 706 1125 4242:
746 1077 929 1125 κύαθον
965 1081 992 1124 δ
1009 1078 1021 1094 ’
1050 1080 1123 1123 ἐπὶ
1152 1078 1233 1123 τοῦ
1261 1075 1533 1137 ἀντλητῆρος

44 1150 238 1199 Πλάτων
266 1150 438 1207 εἴρηκεν
466 1178 522 1185 —
553 1151 600 1193 ἐν
630 1151 858 1209 Πρέσβεσι
887 1150 1111 1203 Κυάθους
1139 1151 1232 1196 κτλ.
1292 1154 1533 1207 Legebatur
1603 1154 1610 1161 ⁴

43 1218 275 1267 e'xiae'mffl'
309 1218 527 1267 ἑκάστοτε.
589 1226 762 1268 Cori-exi
790 1227 901 1270 nist.
932 1229 1024 1270 erit.
1054 1240 1097 1282 p.
1127 1226 1225 1268 183.
1298 1225 1416 1267 Idem
1446 1224 1531 1266 Th.

44 1297 248 1352 Bergkius
286 1295 519 1336 Commeat.
550 1308 590 1349 p.
621 1296 718 1338 392.

753 1410 829 1451 ΠΙ.

304 1486 456 1543 ”Αναξ
485 1487 655 1544 ὑπήνης
681 1488 947 1549 Ἐπίκρατες
977 1489 1242 1550 σακεσφόρε.

159 1604 399 1647 Scholiasta
427 1607 716 1661 Aristophanis
746 1609 861 1650 Eccl.
892 1610 978 1650 71.
1016 1599 1146 1658 οὗτος
1176 1606 1440 1662 (Epicrates)
1470 1597 1534 1653 εἷς

45 1670 292 1725 δασύτητα.
341 1666 400 1727 ἦν
430 1675 475 1729 δὲ
505 1674 650 1733 ῥητωρ
678 1678 754 1719 καὶ
786 1676 1071 1759 δημαγωγός·
1112 1669 1242 1728 οὗτος
1269 1676 1412 1733 μέγαν
1439 1671 1533 1717 πώ-

50 1759 172 1801 γωνα
202 1743 312 1800 ἔχων
349 1746 541 1789 ἐκαλεῖτο
581 1748 952 1806 σακεσφόρος.
1008 1750 1086 1792 καὶ
1115 1746 1313 1791 Πλάτων
1342 1745 1367 1789 ὁ
1396 1760 1535 1802 κωμι.

45 1814 121 1866 κός
152 1829 292 1874 φησιν
312 1814 462 1870 ”Αναξ
491 1814 659 1870 ὑπηνης
687 1820 778 1862 κτλ.
838 1825 1042 1876 Apertum
1075 1827 1141 1864 est
1171 1822 1278 1863 haec
1306 1821 1360 1862 ad
1387 1820 1531 1874 Lega-

45 1897 112 1933 tos
154 1891 388 1932 revocanda
432 1904 536 1932 esse.
611 1893 852 1946 cognomen
895 1895 1105 1947 Epicratis
1164 1903 1341 1933 σακεσ
1356 1885 1533 1946 φόρος

43 1963 299 2017 Etymologo
335 1963 396 2004 Μ.
436 1975 478 2016 p.
509 1964 591 2004 361
633 1965 661 2004 3
706 1966 892 2007 restituit
935 1967 1181 2007 Maussacus
1225 1964 1278 2004 ad
1322 1964 1531 2016 Harpoer.

43 2047 86 2088 p.
120 2035 202 2075 162
233 2034 299 2075 ed.
329 2034 471 2074 Blane.
502 2047 580 2087 pro
611 2036 778 2089 vulgato
810 2031 1073 2091 Ἐπικράτης
1101 2031 1356 2085 Ἀθηναῖος
1387 2030 1532 2087 δημα-

31 2101 184 2157 γωγὸς
212 2098 237 2143 ὁ
266 2102 359 2143 καὶ
388 2099 591 2159 ἔφορος
619 2101 903 2159 καλούμενος.

749 2221 822 2264 IV.

278 2295 499 2356 Σκευάρια
530 2300 585 2352 δὴ
615 2302 785 2357 κλέψας
813 2298 1050 2359 ἆπεκήρυξ
1083 2300 1292 2357 ἑκᾳέρων.

159 2410 435 2463 Harpocratio
466 2427 507 2467 p.
537 2416 593 2455 27
624 2417 692 2457 16.
726 2410 1272 2470 Ἀποκηρύττοντεςε
1310 2407 1413 2452 ἀντὶ
1450 2408 1531 2452 τοῦ

47 2474 379 2534 πιπράσκοντες.
419 2509 474 2518 -
511 2481 706 2526 Πλάτων
742 2486 968 2542 Πρέσβεσι
996 2484 1217 2542 Σκευάρια
1258 2481 1312 2535 δὴ
1354 2481 1525 2536 κλέψας

48 2545 314 2606 &mmm-{W
357 2552 564 2610 ἐκφέρων,
608 2555 817 2608 ἐπώλησε.
900 2560 1102 2613 Respexit
1148 2559 1273 2600 etiam
1314 2557 1531 2597 Gramma-

47 2623 153 2664 ticus
191 2624 371 2666 Bekkeri
407 2641 448 2680 p.
478 2628 562 2669 429
601 2630 670 2671 ll.
721 2626 1236 2685 ἀποκηρύττοντες-ε
1287 2622 1391 2667 ἀντὶ
1449 2620 1532 2665 τοῦ

50 2689 385 2749 πιπράσκοντες.
413 2690 528 2738 οὕτω
551 2698 847 2755 Δημοσθένης
877 2701 953 2743 καὶ
982 2699 1188 2743 Πλάτων.
1251 2702 1370 2754 Quae
1398 2697 1531 2739 habet

58 2765 179 2807 etiam
209 2768 396 2810 Zonaras
425 2783 467 2823 p.
495 2771 593 2812 264.

111 2847 278 2883 Comoed.
312 2855 383 2885 ant.
520 2827 521 2832 Ἰ
1206 2842 1263 2883 42
