1716 3158
217 217 299 259 982
730 207 1170 258 Ams'roPnANES.

1488 0 1716 220 Ἷ

222 326 298 368 τοῦ
328 323 510 374 ποιητοῦ
539 321 561 364 ὁ
592 320 716 376 λόγος
745 313 883 372 οὗτος.
915 329 956 364 et
974 326 1146 366 deinde:
1176 324 1424 383 κωμῳδίας]
1454 324 1555 376 τοὺς
1567 326 1666 368 Βα-
1703 355 1705 358 <

220 392 478 450 βυλωνίους·
511 389 688 441 τούτους
716 391 797 448 γὰρ
826 391 909 448 πρὸ
938 391 1309 460 τῶνζΑχαρνέων
1341 392 1664 453 Ἀριστοφάνης

218 461 426 514 ἐδίδαξεν,
456 462 500 503 ἐν
529 457 598 511 οἷς
631 460 816 510 πολλοὺς
844 462 983 511 κακῶς
1010 461 1143 504 εἶπεν.
1198 462 1449 521 ἐκωμῴδησε
1478 465 1560 522 γὰρ
1586 465 1664 515 τὰς

218 531 436 588 κληρωτὰς
473 533 547 573 καὶ
587 530 890 588 χειροτονητὰς
927 529 1061 587 ἀρχὰς
1089 533 1161 572 καὶ
1195 532 1395 584 Κλέωνα,
1439 534 1665 590 παρόντων

219 602 303 644 τῶν
333 603 484 655 ξένων·
515 593 604 643 εἶπε
635 601 716 656 γὰρ
745 600 892 657 δρᾶμα
921 600 1020 650 τοὺς
1036 599 1347 655 Βαβυλωνίους
1376 601 1429 659 τῇ
1458 602 1543 643 τῶν
1565 605 1663 646 Διο-

219 671 380 715 νυσίων
418 670 562 729 ἑορτῇ,
602 667 695 722 ἥτις
737 671 782 712 ἐν
820 671 878 727 τῷ
915 669 1009 728 ἔαρι
1033 671 1327 722 -ἑπιτελεῖται,
1364 671 1410 712 ἐν
1450 664 1483 729 ᾧ
1512 670 1665 728 ἔφερον

219 740 319 791 τοὺς
361 739 524 797 ᾳόρους
567 742 609 781 οἱ
653 737 897 795 σύμμαχοι·
956 742 1031 782 καὶ
1074 739 1148 781 διὰ
1191 739 1319 781 τοῦτο
1363 737 1590 796 ὀργισθεὶς
1642 740 1667 783 ό
1713 761 1716 769 ·

220 813 372 854 Κλέων
409 807 635 867 ἐγράψατο
670 808 806 850 αὑτὸν
843 808 1013 859 ἀδικίας
1050 807 1109 859 εἰς
1146 808 1246 858 τοὺς
1283 808 1485 864 πολίτας,
1524 809 1582 860 ὥς
1609 808 1668 861 εἷς

218 879 346 936 ὕβριν
383 880 461 921 τοῦ
489 876 631 934 δήμου
661 878 800 920 ταῦτα
831 877 1097 930 πεποιηκότα
1115 895 1124 904 ·
1163 880 1236 920 καὶ
1275 877 1415 931 ξενίας
1451 880 1497 921 δὲ
1527 877 1666 921 αὐτόν

218 948 442 1006 ἐγράψατο
482 950 557 990 καὶ
585 944 643 997 εἰς
673 946 820 1003 ἀγῶνα
849 948 1063 1002 ἐνέβαλεν.
1129 952 1245 991 Haec
1282 952 1416 991 omnia
1446 965 1666 1005 propemo-

220 1024 316 1063 dum
354 1024 466 1062 recte
502 1021 553 1060 ab
592 1022 663 1061 ilio
694 1022 957 1073 grammatico
988 1021 1193 1073 disputata
1233 1024 1348 1069 sunt,
1385 1021 1536 1073 quippe
1565 1034 1669 1073 quae

220 1091 461 1132 conveniant
497 1102 589 1130 cum
626 1090 699 1139 iis,
738 1103 842 1141 quae
881 1091 972 1142 ipse
1010 1095 1131 1142 poeta
1170 1089 1278 1129 infra
1314 1091 1525 1142 proponit:
1569 1103 1666 1130 nam

218 1174 255 1202 v.
285 1161 368 1200 496
399 1160 573 1201 eundem
604 1160 869 1211 Dicaeopolin
900 1160 1005 1198 haec
1035 1152 1237 1198 dicentem
1266 1158 1444 1197 inducit:

444 1223 524 1277 ΒΙή
553 1240 630 1280 μοι
661 1222 936 1281 φθονήσητ’,
966 1222 1119 1280 ἄνδρες
1147 1225 1190 1265 οἱ
1219 1221 1450 1278 θεώμενοι,

438 1292 479 1336 εἰ
505 1294 671 1350 πτωχὸς
698 1291 760 1335 (Σίν
789 1292 922 1336 ἔπειτ’
957 1293 1000 1335 ἐν
1027 1291 1300 1345 Ἀθηναίοις
1332 1294 1467 1347 λέγειν

437 1365 578 1420 μέλλω
609 1365 706 1419 περὶ
736 1363 811 1416 τῆς
840 1360 1013 1415 πόλεως,
1043 1362 1286 1421 τρυγῳδίαν
1318 1363 1467 1405 ποιῶν.

441 1433 491 1476 τὸ
520 1433 601 1490 γὰρ
631 1433 803 1475 δίκαιον
831 1426 919 1475 οἶδε
948 1435 1021 1474 καὶ
1051 1432 1281 1490 τρυγῳδία.

446 1503 525 1558 ἐγώ
565 1504 610 1545 δὲ
642 1504 745 1556 λέξω
776 1502 895 1545 δεινὰ
922 1504 1012 1557 μέν,
1045 1503 1193 1544 δίκαια
1223 1504 1280 1545 δέ.

444 1571 497 1614 οὐ
526 1571 608 1629 γάρ
638 1589 690 1628 με
721 1573 799 1615 νῦν
828 1588 872 1626 γε
902 1573 1108 1627 διαβαλεῖ
1133 1573 1295 1622 Κλέων,
1325 1566 1395 1613 ὅτι

445 1644 575 1695 ξένων
603 1641 832 1700 παρόντων
861 1641 941 1693 τὴν
969 1641 1097 1684 πόλιν
1130 1642 1268 1692 κακῶς
1298 1642 1417 1695 λέγω.

446 1711 572 1756 αὐτοὶ
603 1710 682 1770 γάρ
711 1714 841 1769 ἐσμεν
869 1710 972 1754 οὑπὶ
999 1712 1179 1770 Ληναίῳ
1209 1710 1250 1753 τ’
1279 1709 1407 1766 ἀγών,

442 1779 589 1824 κοῦπω
619 1784 731 1835 ξένοι
760 1781 970 1839 πάρεισιν.

221 1853 292 1893 ubi
323 1853 511 1895 similiter
539 1857 779 1897 scholiasta:
807 1853 864 1902 ὠς
893 1853 938 1894 ἐκ
965 1852 1044 1894 τοῦ
1060 1851 1243 1903 ποιητοῦ
1262 1850 1412 1892 τοῦτο·
1444 1844 1671 1905 προείηρη-

222 1934 295 1960 ται
325 1920 371 1962 δὲ
399 1920 453 1962 τὰ
495 1925 590 1979 περὶ
619 1921 788 1967 τούτου.
847 1923 978 1975 ξένων
1013 1920 1263 1979 παρόντων]
1304 1918 1378 1962 διὰ
1414 1917 1464 1963 τὸ
1501 1918 1548 1960 ἐν
1583 1919 1671 1966 τοῖς

227 1989 534 2043 Βαβυλωνίοις
563 1993 733 2034 πολλῶν
762 1992 991 2050 παρόντων
1021 1993 1151 2045 ξένων
1188 1987 1399 2046 εἰρηκέναι
1427 1986 1539 2029 κατὰ
1566 1986 1671 2027 πολ-

1702 780 1716 944 4,

220 2059 307 2100 λῶν
326 2059 404 2102 τὸν
428 2059 783 2118 Ἀριστοφάνην·
815 2062 884 2105 διὸ
908 2065 982 2105 καὶ
1001 2058 1288 2118 κατηγορήθη
1315 2056 1399 2101 ὑπὸ
1424 2056 1503 2098 τοῦ
1522 2057 1670 2098 Κλέω-
1714 2084 1716 2086 -

223 2141 308 2178 νος.
364 2134 547 2185 Apparet
576 2135 683 2173 enim
715 2148 763 2174 ex
793 2136 857 2175 his
876 2135 1071 2175 Cleonem
1100 2135 1140 2174 in
1170 2135 1232 2174 ius
1261 2136 1423 2186 poetam
1453 2130 1672 2175 meavisse,

226 2201 336 2252 quod
371 2202 413 2241 iu
443 2203 679 2255 Babyloniis
717 2204 840 2243 nimia
877 2204 1039 2244 dicendi
1076 2203 1240 2244 licentia
1276 2201 1431 2254 magnis
1470 2199 1673 2251 Dionysiis

225 2270 430 2311 civitatem
459 2274 771 2313 Atheniensium
801 2274 1112 2325 perstrinxerit:
1151 2272 1262 2324 atqui
1296 2283 1388 2310 cum
1417 2268 1672 2309 Caliistratus

224 2354 248 2381 a
274 2345 464 2393 praetore
502 2343 612 2382 illius
652 2342 819 2383 fabulae
849 2343 1061 2382 docendae
1089 2342 1327 2382 facultatem
1356 2339 1670 2392 impetravisset,

223 2411 266 2450 in
305 2423 399 2451 eum
437 2412 602 2464 quidem
645 2413 811 2465 proprie
847 2412 949 2452 illud
987 2412 1140 2452 crimen
1179 2411 1259 2451 fuit
1295 2409 1586 2449 deferendum:
1629 2412 1671 2448 at

225 2493 324 2520 vero
355 2487 673 2522 consentaneum
705 2486 790 2530 est,
821 2486 890 2521 aut
918 2482 1233 2534 Aristophanem
1260 2481 1395 2533 ipsum
1423 2491 1496 2519 sua
1525 2481 1670 2529 sponte

225 2550 457 2601 professum
487 2564 589 2600 esse,
620 2552 709 2603 quis
738 2555 880 2591 auctor
909 2555 1021 2591 esset
1048 2552 1158 2591 illius
1187 2550 1435 2597 comoediae,
1464 2551 1534 2587 aut
1548 2547 1667 2586 Cleo-

226 2630 334 2668 nem:
364 2633 454 2661 cum
471 2621 755 2673 Aristophanis
771 2633 918 2660 nomen
946 2621 1025 2660 iam
1045 2626 1142 2661 tunc
1156 2619 1487 2673 percrebruisset,
1501 2615 1543 2654 id
1560 2615 1669 2666 quod

225 2687 373 2727 deinde
402 2691 597 2741 probabo,
629 2691 820 2730 continuo
849 2690 982 2738 hunc,
1011 2689 1052 2730 in
1084 2702 1164 2744 quo
1192 2689 1281 2729 solo
1311 2687 1429 2738 culpa
1457 2685 1667 2734 haerebat,

222 2757 412 2808 petiisse:
440 2762 561 2810 atque
591 2761 686 2800 inde
723 2761 773 2801 ab
801 2759 879 2800 hac
915 2759 999 2809 lite,
1030 2772 1150 2811 quam
1181 2759 1280 2800 Cleo
1311 2755 1573 2808 Aristophani
1601 2755 1664 2796 iu-
