1716 3164
607 155 713 198 AM
715 153 922 198 ‹MAPA
928 151 1019 196 ΟΣ
1476 151 1570 226 1955

95 273 288 336 φιαράου
323 268 466 323 αὐτὴν
494 261 620 312 εἶπεν
658 268 705 310 ἐν
734 267 933 318 ἐκείνοις*
970 262 1107 308 ΗΑλλ
1139 281 1172 306 ω
1207 260 1407 319 θύγατερ
1446 261 1570 317 ἐλεξά

96 363 167 392 σοι
217 339 470 400 ποευμενὴς.
536 343 782 385 Emendavit
825 341 1057 382 Seidlerus.
1129 338 1387 392 Hesychius·
1429 332 1567 378 Ἴασω

95 416 215 474 παρὰ
259 414 310 457 τὸ
345 410 526 456 caefi-ac.
586 410 699 466 φησὶ
736 410 783 451 δὲ
806 405 1145 464 ’Λριστοφάνης
1173 409 1249 449 καὶ
1277 403 1571 463 Ἀμφιαράου

98 487 330 542 θυγατέρα
368 477 483 526 εἶναι
523 476 668 524 Ἰασώ.
737 481 1097 535 Quemadmodum
1136 481 1178 521 in
1218 481 1341 520 Pluto
1371 481 1569 521 Aescula-

99 562 204 615 pius,
234 561 275 600 in
306 559 423 599 cuius
452 556 605 608 templo
637 554 875 606 decrepitus
897 553 1042 592 Plutus
1073 553 1264 600 incubat,
1298 551 1388 591 laso
1419 556 1462 591 ct
1493 552 1571 592 Pa-

101 644 271 673 naceam
308 629 478 670 comites
518 626 583 665 vel
623 625 730 665 filias
768 624 920 672 habet,
963 623 1020 662 ita
1061 623 1102 663 in
1144 623 1225 662 hac
1266 621 1481 661 comoedia
1520 622 1573 662 ad

103 702 394 754 Amphiaraum
417 697 582 738 easdem
607 695 815 735 transtulit
841 699 976 747 poeta,
1009 693 1084 734 cfr.
1111 693 1164 732 de
1182 692 1432 744 Amphiarao
1464 693 1573 733 Pau

103 772 253 813 saniam
284 769 303 809 1
332 770 387 809 34
413 769 454 818 3,
486 768 538 807 de
554 765 800 818 Aesculapio
819 765 1042 805 Aristidem
1076 763 1093 803 1
1123 777 1163 816 p.
1179 763 1234 803 79
1249 762 1315 803 ed.
1333 763 1480 804 Dind.:
1510 758 1575 803 ἔτι

105 842 150 883 δὲ
181 837 298 894 ὑμῶν
326 851 371 878 τε
402 834 546 877 αὐτῶν
575 834 651 877 καὶ
679 830 896 890 ἀδελφῶν,
926 826 992 882 οἷς
1021 828 1150 873 Ἰασώ
1183 846 1225 872 τε
1246 833 1322 890 καὶ
1342 829 1575 874 Πανάκεια

103 913 175 957 καὶ
190 907 332 964 Αἴγλη
362 903 539 949 σύνεστι
566 906 642 948 καὶ
663 902 672 915 ‘
690 903 850 961 Υγιῗεια,
877 901 906 956 ἡ
939 899 1117 947 πάντων
1146 900 1395 960 ἐπίρροπος,
1424 901 1575 946 Ἠπιό-

100 997 177 1034 νης
206 979 259 1032 δή
289 978 442 1028 παῖδες
472 973 707 1033 ἐπώνυμοι.

778 1111 894 1154 VIII.

234 1195 415 1255 Ὀσφὺν
444 1195 493 1238 δ’
523 1195 569 1250 ἐξ
598 1191 742 1253 ἄκρων
772 1193 1074 1250 ὃιακίγκλισον
1103 1188 1206 1245 ἠΰτε
1236 1191 1409 1249 κίγκλος

239 1281 400 1340 ἀνδρὸς
428 1278 697 1340 πρεσβύτου·
728 1280 887 1323 τελέειν
917 1277 968 1321 δ’
1000 1275 1188 1335 ἀγαθὴν
1216 1277 1446 1334 ἐπαοιδήν.

215 1399 410 1442 Aelianus
439 1397 491 1438 de
508 1397 604 1439 Nat.
621 1396 757 1440 Anim.
782 1395 863 1438 ΧΠ
896 1398 944 1437 9:
979 1394 1109 1436 Κινεῖ
1131 1393 1177 1435 δὲ
1207 1391 1254 1443 (ὁ
1283 1391 1476 1448 κίγκλος)
1504 1395 1580 1437 καὶ

101 1467 156 1512 τὰ
185 1467 344 1526 οὐραῖα
382 1463 519 1521 πτερὰ
557 1494 614 1500 --
649 1465 873 1521 μέμνηται
910 1464 956 1506 δὲ
993 1465 1069 1506 καὶ
1107 1464 1186 1506 τοῦ
1225 1462 1413 1522 ὄρνιθος
1449 1466 1579 1508 τοῦδε

99 1534 432 1596 Ἀριστοφάνης
460 1550 506 1578 εν
534 1535 595 1578 τῶ
622 1533 894 1594 Ἀμφιαράῳ
924 1535 1085 1590 λέγων·
1121 1534 1296 1592 'Ompim
1309 1537 1399 1580 κτλ.
1460 1540 1531 1582 Vs.
1555 1541 1576 1580 1

104 1615 319 1667 legebatur
347 1608 545 1664 κίγκλου,
585 1611 695 1664 quod
725 1610 860 1650 minus
890 1614 1056 1663 aptum,
1101 1609 1386 1652 cl'r.1’hotius
1424 1626 1464 1666 p.
1498 1613 1580 1653 163

103 1687 181 1727 2⁰·
211 1679 421 1736 Κίγκλος·
453 1677 604 1736 ὄρνεον
634 1677 715 1727 τὴν
744 1675 892 1735 ὀσφὺν
918 1677 1059 1720 πολλὰ
1089 1678 1262 1732 κινοῦν,
1293 1674 1322 1722 ο’
1348 1695 1462 1731 τινες
1492 1696 1581 1724 σει-

51 1795 55 1797 ,
106 1750 327 1806 σοπυγίδα
355 1749 579 1793 καλοῦσιν.
637 1748 946 1803 Διακίγκλισον
976 1754 1160 1806 respexit
1177 1754 1439 1807 Hesychius:
1471 1755 1580 1794 Δια-

106 1822 350 1878 κίγκλισον·
385 1818 629 1872 διάσεισον,
675 1818 848 1874 κίγκλος
888 1820 934 1861 δὲ
972 1817 1124 1877 ὄρνεον
1163 1819 1188 1873 ἡ
1228 1821 1495 1877 σεισοπυγίς.
1525 1852 1581 1860 ᾖ.

107 1899 188 1940 Vss
209 1899 235 1937 2
266 1895 481 1949 legebatur
509 1891 653 1943 τελέει,
687 1894 797 1947 quod
827 1894 995 1934 omnino
1026 1893 1127 1934 ferri
1157 1908 1238 1935 non
1270 1900 1421 1948 potest.
1483 1898 1582 1938 Infi-

47 1971 50 1973 ’
108 1968 259 2010 nitivus
289 1961 637 2020 pro'imperativo
668 1978 721 2006 ne
751 1966 898 2007 Atticis
928 1966 1094 2018 quidem
1124 1966 1370 2018 inusitatus,
1403 1969 1582 2024 Phryni-

106 2039 207 2080 chus
237 2037 416 2078 Bekkeri
449 2036 466 2077 1
497 2051 538 2090 p.
568 2036 609 2087 4,
637 2037 687 2078 7:
718 2030 1086 2090 Αὐτοσχεδιάζειν
1108 2031 1187 2087 σύ,
1215 2030 1335 2087 ἥκειν
1364 2034 1445 2080 σύ·
1483 2036 1583 2080 ἀντὶ

110 2107 189 2150 τοῦ
219 2104 525 2161 αὐτοσχεδὶαζε
556 2103 611 2147 σὺ
639 2105 714 2147 καὶ
743 2098 818 2157 ἧκε
849 2102 918 2149 σύ.
950 2102 1164 2147 Ἀττικὸν
1193 2106 1243 2148 τὸ
1273 2107 1435 2164 σχῆμα,
1461 2106 1584 2151 ἀπα-

110 2179 337 2235 ρέμφατον
375 2173 476 2218 ἀντὶ
517 2177 840 2232 προστακτικοῦ
913 2179 1002 2221 crr.
1032 2181 1138 2221 Ran.
1172 2169 1279 2221 '1322
1320 2177 1431 2222 τόθ’
1469 2173 1585 2223 εἶναι

111 2250 186 2291 καὶ
216 2248 270 2289 σύ
301 2244 480 2289 σαυτόν.
542 2249 659 2290 Haec
689 2256 827 2292 autem
857 2251 909 2291 ad
940 2251 1106 2291 modum
1138 2253 1294 2292 oraculi
1323 2254 1586 2307 praecipiun-

113 2327 180 2361 tur
205 2320 382 2367 mulieri,
412 2326 457 2359 ut
486 2320 596 2358 senis
626 2321 752 2362 robur
782 2322 946 2362 excitet.

811 2456 882 2497 lX.

228 2544 374 2585 Pollux
406 2545 444 2586 11
476 2546 581 2586 176:
627 2541 688 2585 Τὸ
726 2543 771 2584 δὲ
811 2542 1042 2602 ἐπεγείρειν
1081 2545 1129 2588 τὸ
1164 2543 1338 2588 αἰδοῖον
1377 2549 1476 2590 ταῖν
1510 2565 1582 2606 χε-

114 2616 208 2668 ροῖν
237 2615 312 2654 καὶ
342 2610 539 2655 ἀνακνᾶν
581 2612 806 2670 ἀναφλᾶ
817 2630 840 2656 ν
874 2614 1210 2674 Ἀριστοφάνης
1239 2619 1285 2660 ἐν
1312 2616 1584 2680 Ἀμφιαράῳ

116 2683 238 2735 λέγει.
297 2686 358 2726 lta
392 2687 628 2728 Diudorfius
658 2688 849 2741 scripsit,
880 2695 995 2730 recte
1023 2690 1228 2742 fortasse,
1266 2692 1339 2732 sed
1369 2693 1492 2747 vulgo
1523 2695 1582 2735 le-

116 2755 226 2807 gitur
260 2750 469 2811 ἀναφλᾶν
506 2757 580 2798 καὶ
619 2752 837 2807 ἀνακλᾶν,
882 2765 924 2800 et
965 2761 1022 2802 ita
1061 2761 1152 2803 fere
1192 2763 1314 2804 codd.
1354 2765 1432 2805 nisi
1472 2765 1581 2819 quod
