1716 3164
470 181 734 225 FABULAE
764 181 1070 226 mOERTAE.
1365 198 1369 200 ·
1436 181 1523 225 683

735 336 829 379 Vll.

183 421 373 481 ΙΙρωτον
401 423 481 478 μὲν
502 412 584 464 οἷν
610 437 690 478 μοι
719 421 764 463 λε’
766 421 855 476 goy,
888 417 1128 474 ἀντιβολῶ
1161 418 1218 463 σὺ
1247 417 1341 479 γάρ,

183 503 242 558 ὥς
271 522 386 565 φασι
425 503 630 564 Χείρων),
656 506 911 562 ,ἐξέθρεψας
943 505 1180 560 Πιρικλίςα

160 624 408 664 Plutarchus
445 624 493 664 V.
538 623 710 663 Periclis
749 635 838 674 cap.
868 622 917 661 4.
958 615 1010 663 οὐ
1046 616 1137 674 μὴν
1178 616 1319 660 ἔλαθε
1356 616 1520 674 Δάμων

46 696 148 749 (quo
182 696 363 736 Pericles
393 686 570 737 musices
599 693 796 747 magistro
827 705 925 735 usus
955 692 1135 745 fuerat),
1165 687 1265 732 ἀλλ’
1297 688 1356 740 ὠς
1383 706 1519 747 μεγα-

46 761 310 820 λοπράγμων
346 765 420 804 καὶ
461 760 780 819 φιλοτύραννος
817 761 1179 819 ἐξωστρακίσθη,
1219 763 1294 804 καὶ
1332 763 1520 819 παρέσχε

45 839 136 884 τοῖς
163 836 366 890 κωμικοῖς
396 833 643 892 διατριβήν.
703 831 727 876 ὁ
763 835 870 888 γοῦν
903 831 1095 874 Πλάτων
1124 834 1199 875 καὶ
1229 832 1496 888 πυνθανόμε
1502 861 1521 867 -

44 911 124 947 νον
169 903 307 947 αὐτοῦ
355 919 456 947 τινα
497 903 732 957 πεποίηκεν
784 899 899 946 ου’τω
943 905 1133 961 Πρῶτον
1178 908 1260 961 μὲν
1303 902 1383 946 οὖν
1425 904 1518 949 κτλ.

43 979 178 1020 Versu
206 979 388 1019 secundo
419 979 635 1033 legebatur
661 970 720 1027 ὥς
750 989 905 1033 φασιν,
937 973 968 1015 ὠ
993 975 1180 1032 λείρων,
1211 979 1323 1031 quod
1340 979 1517 1020 correxi.

43 1049 183 1090 Possis
213 1051 336 1090 etiam
363 1044 442 1101 ὥς,
472 1045 611 1106 φασί,
644 1046 838 1105 Χείρων,
879 1063 936 1090 an
965 1054 1032 1100 tu,
1063 1050 1430 1104 quemadmodum,
1471 1054 1520 1091 ut

43 1120 214 1171 dicunt,
259 1121 412 1162 Chiron
454 1121 660 1162 Periclem
700 1122 968 1161 instituisti?
1025 1121 1254 1161 Damonem
1294 1135 1388 1162 cum
1420 1122 1519 1163 Chi-

42 1203 146 1231 rone
177 1196 405 1245 comparat‚
446 1194 515 1245 qui
545 1193 774 1243 Achillem,
804 1193 1005 1232 Alconem
1037 1194 1078 1244 *)
1118 1192 1305 1245 aliosque
1342 1193 1519 1234 heroum

46 1262 157 1301 filios
185 1262 338 1302 fidibus
370 1277 518 1305 canere
548 1264 759 1304 docuerat.
790 1265 852 1304 De
882 1264 1081 1313 Damone,
1111 1264 1270 1305 musico
1301 1265 1383 1306 illis
1413 1270 1520 1306 tem-

0 1336 1 1390 }
46 1332 218 1384 poribus
248 1334 550 1385 celeberrimo,
589 1335 683 1375 vide
714 1334 928 1375 Platonem
959 1335 1086 1376 Lach.
1117 1349 1158 1388 p.
1191 1335 1275 1376 180
1290 1337 1336 1376 d:
1374 1330 1521 1387 Ἀγα-

42 1399 256 1450 θοκλέους
294 1402 514 1457 μαθητὴν
551 1400 746 1458 Δάμωνα
786 1399 930 1460 ἄνδρα
961 1405 1256 1459 χαριέστατον
1292 1402 1344 1446 οὐ
1378 1402 1522 1460 μόνον

40 1467 123 1520 τὴν
148 1469 376 1526 μουσικήν,
409 1471 519 1515 ἀλλὰ
549 1476 624 1515 καὶ
653 1471 794 1516 τᾶλλα
824 1471 972 1516 ὁπόσα
1003 1472 1153 1528 βούλει
1181 1473 1309 1528 ἄξιον
1338 1476 1522 1519 συνδια-

41 1538 209 1598 τρίβειν
253 1540 470 1595 τοιούτοις
514 1535 772 1597 νεανίσκοις.
852 1548 929 1590 Cfr
965 1549 1167 1602 Respubl.
1207 1550 1267 1591 ΙΙΙ
1307 1564 1348 1606 p.
1379 1552 1521 1594 40⁰1).

42 1614 403 1658 Commemoratur
432 1619 532 1659 item
563 1620 613 1660 ab
645 1621 866 1662 Athenaeo
896 1620 996 1662 XIV
1026 1634 1067 1674 p.
1099 1622 1182 1661 628
1199 1635 1235 1662 c.
1295 1622 1520 1665 Plutarcho

42 1685 95 1726 de
133 1687 244 1728 Mus.
286 1702 327 1742 p.
368 1691 479 1731 1136
504 1704 541 1731 e.
618 1691 792 1733 Libanio
831 1692 952 1746 Apol.
992 1691 1108 1732 Socr.
1147 1693 1228 1735 vol.
1270 1693 1332 1735 111
1369 1708 1412 1748 p.
1450 1693 1520 1738 56.

41 1756 163 1811 Diog.
196 1759 336 1801 Laert.
366 1761 406 1802 11
439 1763 492 1802 19
524 1763 627 1803 aliis.

725 1876 837 1918 Vlll.

98 1943 223 2011 chz't'
253 1953 301 1996 ἐν
329 1954 499 2008 κλίναις
525 1956 879 2015 ἐλεφαντόποσιν
914 1959 990 2001 καὶ
1019 1954 1252 2015 στρώμασι
1292 1974 1518 2022 πορφυρο-

827 2041 1027 2099 βάπτοις,

46 2133 49 2136 ’
94 2119 178 2165 κᾶν
205 2124 420 2180 φοινικίσι
447 2127 817 2185 Σαρδιανικαῖσιν
847 2127 1179 2186 κοσμησάμενοι
1217 2127 1514 2178 κατάκεινται.

153 2240 392 2283 Athenaeus
424 2244 464 2284 11
494 2259 534 2298 p.
564 2245 679 2287 48⁸:
723 2241 806 2296 τὴν
851 2242 940 2284 τῶν
987 2241 1259 2299 στρωμάτων
1293 2241 1518 2290 σύνθεσιν

42 2307 252 2366 περιβολῇ
276 2311 508 2366 χωρίζουσι
537 2315 612 2355 καὶ
641 2312 864 2373 ὑποβολῇ,
907 2315 1021 2370 φησὶ
1051 2312 1246 2357 Πλάτων
1275 2312 1299 2357 ὁ
1331 2316 1517 2372 φιλόσο-

43 2378 141 2431 φος.
197 2375 222 2419 ὁ
258 2377 310 2419 δ’
340 2377 569 2438 ὁμώνυμος
605 2383 724 2443 αὐτῷ
754 2382 936 2436 ποιητής
967 2399 1080 2440 φησι
1112 2377 1232 2444 [ἔξιτ’
1265 2387 1312 2428 ἐν
1347 2389 1516 2443 κλίναις

41 2446 132 2489 κτλ.
203 2450 338 2494 versu
394 2458 577 2498 secundo
629 2458 807 2501 fortasse
858 2455 1184 2513 Σαρδιακαῖσιν
1236 2462 1513 2517 scribendum,

128 2608 163 2649 ⁴¹)
187 2608 389 2653 Anonymus
419 2611 454 2645 in
481 2613 559 2648 Vita
583 2615 784 2660 Sophoclis:
820 2621 893 2660 ἔσχε
928 2619 963 2652 δὲ
990 2618 1234 2664 (Sophocles)
1268 2625 1326 2656 καὶ
1349 2623 1414 2668 τὴν
1446 2629 1511 2660 τοῦ

31 2664 190 2708 Ἀλωνος
214 2668 412 2713 ιερωσύνην,
444 2669 483 2710 ὂς
506 2671 599 2719 ἥρως
623 2673 666 2717 ἦν
687 2675 777 2720 μετὰ
793 2675 886 2713 ’κΛσ
890 2681 1016 2722 ληπιοῦ
1042 2678 1138 2726 παρὰ
1165 2684 1327 2729 Χείρωνι..
1389 2687 1511 2721 Setibe

34 2721 208 2769 Ἀλκωνος
231 2736 266 2764 et
288 2735 367 2776 post
392 2734 543 2778 Χείρωνι
567 2736 657 2770 adde
681 2741 836 2784 τραφείς.
865 2740 920 2773 De
935 2741 1077 2783 Alcone,
1103 2741 1208 2777 heroe
1221 2746 1351 2789 Attico,
1375 2747 1511 2783 Erech-

40 2786 112 2824 thei
135 2790 216 2834 filio,
242 2791 380 2827 Phaleri
405 2798 516 2840 patre,
540 2795 617 2832 vide
641 2798 748 2834 schol.
772 2800 948 2846 Apollonii
972 2801 1036 2836 Rh.
1063 2802 1075 2835 l
1099 2803 1156 2839 97.
