1716 3164
215 197 323 237 1092
733 189 1147 233 ARISTOPHANIS

213 320 249 348 c.
278 307 333 346 44
363 306 413 346 al.
480 305 533 345 At
562 314 658 343 vero
687 303 729 343 in
768 303 954 354 reliquiis
991 301 1155 341 fabulae
1195 300 1410 342 admodum
1439 312 1569 355 pauca
1595 314 1663 342 re-

214 377 444 429 periuntur,
482 385 586 425 quae
622 372 719 411 illuc
749 373 904 424 possint
941 371 1113 420 referri,
1154 371 1405 422 maximeque
1445 373 1662 412 obscurum

217 449 297 494 est,
336 457 416 495 quo
451 447 569 495 pacto
599 441 664 489 id,
706 441 813 492 quod
845 432 1139 480 Grammaticus
1169 440 1265 479 dicit
1292 433 1453 490 εἰσάγει
1481 438 1665 495 φθορὰν

215 514 288 553 καὶ
318 506 650 563 ἀναγνωρισμὸν
680 509 753 548 καὶ
779 505 915 548 τᾶλλα
943 505 1101 557 πάντα,
1130 503 1161 546 α’
1188 505 1365 557 ἐζήλωσε
1394 507 1665 562 Μένανδρος,

217 583 428 623 conveniat
466 595 556 621 cum
599 581 679 619 hoc
719 583 983 631 argumento:
1026 579 1186 618 videtur
1224 579 1330 618 enim
1370 579 1665 631 Aristophanes

221 657 291 692 aut
318 653 518 690 diversam
549 661 715 702 prorsus
745 649 893 688 famam
922 651 1085 688 secutus
1114 661 1228 695 esse,
1267 653 1336 687 aut
1375 648 1463 700 ipse
1500 661 1574 688 suo
1603 649 1664 687 in-

221 721 347 773 genio
375 720 526 761 Minois
557 719 777 769 Cocalique
805 717 887 758 fata
915 719 1150 758 immutasse
1180 720 1222 757 et
1252 717 1430 758 finxisse.

922 815 954 854 l.

414 893 572 951 Πάρες,
601 893 649 948 οἵ,
678 894 927 951 κατέτριβεν
957 891 1109 949 ἱμάτια
1138 890 1319 936 κᾶπειτά
1350 910 1438 943 πως

417 980 575 1036 (Ρῷδας
605 975 820 1027 τοσαύτας
848 970 929 1033 εἶχε
960 976 1037 1019 τὸν
1061 974 1241 1033 χειμῶν’
1274 971 1391 1021 ὅλον.

331 1066 550 1105 Erotianns
580 1079 619 1117 p.
649 1065 733 1103 388
762 1064 827 1103 ed.
859 1065 1015 1103 Franz:
1050 1061 1248 1118 Φῷδες·
1279 1059 1371 1102 ἔστι
1398 1063 1477 1115 μὲν
1504 1057 1530 1111 ἡ
1559 1059 1669 1111 λέξις

220 1129 400 1188 Αωρική,
428 1131 609 1172 καλοῦσι
639 1131 683 1170 δὲ
716 1130 865 1186 ([ᾠδας
893 1129 948 1170 τὰ
977 1131 1022 1171 ἐκ
1050 1131 1127 1171 τοῦ
1161 1129 1294 1183 πυρὸς
1323 1128 1551 1184 γινόμενα,
1581 1125 1667 1183 μά-

221 1202 347 1242 λιστα
379 1201 424 1240 δὲ
454 1196 562 1241 ὅταν
591 1200 635 1240 ἐκ
665 1198 830 1253 ψύχους
860 1200 905 1239 ἐν
935 1199 995 1255 τῷ
1023 1200 1126 1254 πυρὶ
1153 1196 1396 1250 καθίσωσι,
1426 1195 1668 1254 στρογγύλα

221 1268 588 1325 ἑπιφλογίσματα.
628 1295 682 1302 -—-
718 1269 791 1308 καὶ
825 1265 1156 1324 Ἀριστοφάνης
1194 1267 1240 1308 ἐν
1285 1265 1472 1323 Κωκάλῳ
1511 1269 1668 1318 (codex

223 1354 327 1381 unus
369 1336 563 1394 κολάκῳ)
601 1336 734 1391 φησι·
775 1338 954 1391 [Ιαρέσο
985 1338 1232 1392 κατέτριβεν
1263 1334 1427 1390 ἱμάτια.
1487 1333 1668 1376 κᾶπειτα

224 1408 312 1456 πῶς
356 1407 506 1463 φῷδας
548 1404 764 1454 τοσαύτας
819 1399 900 1460 εἶχε
954 1406 1030 1447 τὸν
1078 1404 1386 1461 χειμώνανλον.
1469 1408 1667 1447 Ultimum

223 1480 324 1519 illud
358 1473 655 1530 χειμώναυλον
693 1479 867 1516 correxit
899 1479 1129 1527 Seidlerus,
1166 1474 1295 1530 πάρες
1331 1471 1366 1515 th*
1396 1489 1472 1529 ego
1511 1476 1667 1528 scripsi,

225 1548 564 1600 quemadmodum
596 1550 658 1585 est
688 1547 793 1597 apud
825 1548 1060 1598 Euripidem
1089 1548 1130 1587 in
1162 1547 1482 1598 Bellerophonte
1505 1547 1667 1596 Fragm.

225 1618 343 1658 XV1:
388 1612 556 1667 Πάρες,
598 1604 630 1652 ὦ
663 1611 807 1668 σκιερὰ
853 1612 1038 1667 φύλλας,
1079 1611 1251 1669 ὑπερβιῦ
1291 1615 1493 1669 Κρηναῖα
1537 1609 1667 1661 νάπη.

227 1686 314 1727 Cfr.
346 1676 705 1738 Aristoph.'Vesp.
736 1698 773 1724 ν.
803 1685 899 1724 754.
968 1686 1080 1725 Male
1114 1690 1249 1725 autem
1287 1686 1389 1725 haec
1428 1686 1536 1724 inter
1573 1683 1672 1723 duas

226 1767 421 1807 personas
451 1754 719 1793 distribuunt:
747 1754 871 1793 immo
901 1754 1080 1805 loquitur
1110 1755 1254 1806 aliquis
1284 1754 1335 1794 de
1365 1753 1517 1794 Minois
1546 1753 1672 1792 inter·

226 1825 326 1864 fecti
364 1837 559 1876 corpore,
597 1836 718 1874 quem
755 1836 847 1862 cum
885 1823 1023 1862 nescio
1062 1825 1152 1874 quis
1193 1824 1233 1864 in
1270 1823 1423 1864 balneis
1465 1824 1669 1862 exinctum

230 1907 322 1934 csse
353 1907 401 1933 ex
432 1893 604 1945 pustulis
636 1893 897 1940 conficiebat,
934 1892 1038 1931 alter
1067 1893 1165 1931 dicit
1193 1893 1375 1933 Minoem
1406 1896 1573 1944 propter
1598 1892 1673 1931 de-

229 1965 369 2002 tritum
408 1963 691 2002 vestimentum
729 1974 803 2012 per
850 1965 976 2001 totam
1014 1961 1192 2001 hiemem
1231 1974 1358 2013 prope
1392 1963 1498 2013 apud
1536 1962 1672 2012 ignem

233 2032 484 2072 consedisse.
520 2027 667 2083 (Ρῷδες
695 2035 829 2068 autem
860 2031 955 2080 quid
986 2031 1038 2070 sit
1069 2031 1187 2069 docet
1217 2031 1336 2069 etiam
1353 2030 1539 2069 Eustath.
1558 2029 1672 2068 Iliad.

231 2115 270 2153 p.
301 2101 406 2139 943:
445 2097 538 2137 Καὶ
578 2094 718 2150 (ψῴδες
753 2096 802 2134 αἱ
830 2092 917 2136 ἀπὸ
948 2095 1109 2151 φλογὸς
1138 2094 1418 2151 φλύκταιναι,
1454 2089 1517 2136 οἷν
1545 2097 1619 2136 καὶ
1648 2094 1671 2136 ὁ

230 2166 415 2220 κωμικὸς
443 2167 673 2219 μέμνηται.
744 2167 850 2206 adde
882 2168 1100 2220 Phrynich.
1131 2168 1238 2220 apud
1269 2169 1441 2207 Bekker.
1471 2167 1625 2207 Anecd.
1658 2167 1674 2205 Ι

231 2253 270 2291 p.
301 2239 356 2277 70
384 2239 453 2277 27.
499 2237 677 2277 Maxime
715 2236 901 2276 conferas
939 2237 1149 2288 Aristoph.
1180 2237 1286 2277 Plut.
1326 2249 1364 2275 v.
1393 2236 1498 2276 535:
1549 2228 1677 2283 Πλὴν

232 2303 461 2361 φῴδωνέκ
491 2301 740 2356 βαλανείου.
795 2306 866 2344 ubi
894 2305 1135 2345 scholiasta:
1171 2302 1215 2344 ἐκ
1243 2299 1479 2355 βαλανείου
1506 2301 1574 2352 δέ,
1603 2300 1676 2342 διὰ

232 2373 282 2414 τὸ
312 2371 412 2421 τοὺς
451 2373 637 2421 πένητας
673 2369 944 2426 ἀποροῦντας
980 2369 1232 2425 ἐνδυμάτων
1269 2370 1342 2412 διὰ
1379 2370 1429 2412 τὸ
1463 2370 1603 2427 ψῦχος
1631 2370 1678 2411 ἐν

235 2440 481 2495 βαλανείοις
509 2440 746 2481 καθεύδειν
778 2442 852 2480 καὶ
881 2440 925 2480 ἐκ
954 2441 1123 2495 θέρμης
1152 2437 1180 2491 ἢ
1208 2438 1330 2496 ἀέρος
1359 2437 1516 2489 αὐτούς
1543 2437 1675 2491 ἐξιόν-

239 2526 313 2558 τας
342 2510 605 2566 παραχρῆμα
633 2506 960 2565 προσβαλόντος
989 2508 1255 2565 φλυκταίνας
1276 2510 1426 2561 ποιεῖν,
1457 2508 1559 2562 quae
1581 2511 1677 2550 satis

236 2582 506 2621 hunclocum
537 2583 761 2621 illustrant:
798 2581 960 2620 videtur
989 2581 1096 2620 enim
1133 2586 1255 2634 poeta
1281 2581 1459 2621 Minoem
1489 2584 1677 2630 tanquam

237 2651 465 2690 mendicum
510 2651 685 2701 aliquem
727 2650 953 2698 induxisse3
999 2650 1057 2690 ita
1104 2655 1146 2690 ut
1188 2655 1279 2703 post
1311 2649 1477 2689 caedem
1514 2649 1677 2688 demum

236 2723 509 2771 perpetratam
539 2722 711 2769 pateret,
744 2719 834 2767 quis
864 2722 984 2757 esset.
