1716 3164
193 205 302 246 loco
710 198 1116 244 Ams'roPHAle

190 316 315 368 petita
345 325 459 363 esse,
502 323 607 365 quae
644 312 680 352 si
708 312 948 362 removeris,
985 312 1064 353 iam
1094 311 1279 365 procedit
1306 325 1448 355 versus
1475 314 1637 368 integer

189 384 406 424 iambicus:
446 380 542 421 Καὶ
569 377 660 428 πῶς
686 374 921 433 ἔπιρράσας
948 377 1026 420 τὸν
1051 377 1285 433 λυχνοῦχον
1310 379 1482 431 ἔλαθες.
1551 384 1635 425 Sed

188 453 327 505 priore
367 453 458 492 loco
499 452 596 491 satis
632 450 933 490 incommodum
973 455 1036 490 est
1073 447 1323 503 λυχνοῦχος,
1362 466 1495 504 neque
1534 457 1634 506 puto

189 521 501 573 Aristophanem
538 520 579 559 in
609 523 782 569 utroque
813 519 903 559 loco
943 519 1085 559 eadem
1116 533 1215 560 voce
1252 532 1371 560 usum
1409 534 1520 562 ease:
1558 523 1635 563 nisi

188 589 309 630 fallor
346 589 582 630 Athenaeus
626 589 869 640 scripserat:
914 586 960 627 ἐν
1002 586 1048 627 δὲ
1092 584 1151 642 τῷ
1188 584 1375 644 Νιόβῳ
1421 587 1635 643 προειπών

187 653 379 710 λύχνον
414 653 543 709 Οὶμοι
570 653 849 710 κακοδαίμων
878 653 1009 710 φησί,
1040 652 1064 696 ὀ
1102 652 1300 710 λύχνος
1328 653 1433 711 ἡμῖν
1461 656 1634 711 οἴχεται.

187 731 233 768 ut
249 740 392 768 servus
411 728 556 780 aliquis
573 731 858 779 conqueratur,
890 727 1000 778 quod
1028 727 1098 767 lux
1125 728 1203 767 sibi
1231 729 1430 768 'exstincta
1458 729 1521 769 sit.
1551 729 1636 769 Iam

187 810 237 837 ex
273 810 391 837 servo
432 798 557 836 horus
594 796 774 847 quaerit,
812 795 879 846 qui
917 796 970 835 sit
1007 795 1174 845 factum,
1213 801 1259 836 ut
1297 798 1399 837 clam
1428 799 1636 838 lucernam

185 866 274 918 ipse
317 866 539 905 deleverit:
577 859 851 917 ἀπορραίσας
890 866 996 904 enim
1037 866 1200 917 scripsi,
1243 877 1485 918 quamquam
1513 867 1636 907 facile

185 936 316 986 possis
346 928 590 987 ἐπιρράνας,
620 934 684 973 vel
714 934 858 973 similia
888 935 1127 975 subtituere.
1170 928 1339 986 Λύχνος
1367 940 1503 976 autem
1533 949 1635 988 quo-

184 1004 305 1043 modo
336 1018 359 1043 a
388 997 603 1056 λυχνούχῳ
634 1003 798 1041 differat
829 1004 1041 1042 commode
1082 1003 1202 1042 docet
1232 1004 1489 1045 Pherecratia
1519 1006 1634 1045 locus

183 1073 290 1125 apud
322 1073 572 1112 Athenaeum
613 1086 653 1124 p.
684 1072 815 1111 15612
854 1065 1057 1110 ’‘Avvodv
1091 1066 1194 1111 ποτ’
1232 1066 1444 1121 ἐξελθών·
1481 1067 1636 1119 σκότος

183 1137 264 1193 γὰρ
294 1137 485 1191 γίγνεται
519 1139 609 1179 Καὶ
647 1136 724 1178 τὸν
754 1137 986 1191 λυχνοῦχον
1013 1135 1158 1192 ἔκφερ’
1181 1139 1330 1186 ἐνθεὶς
1359 1138 1436 1179 τὸν
1465 1137 1633 1193 λύχνον.

184 1214 225 1249 et
240 1211 374 1250 Alexis
391 1210 561 1248 ibidem:
583 1205 723 1248 ‘'szoc’
753 1205 903 1257 ἐξελών
930 1206 975 1246 ἐκ
1003 1206 1082 1247 τοῦ
1109 1206 1344 1261 λυχνούχου
1374 1206 1449 1248 τὸν
1477 1206 1633 1263 λύχνον

183 1276 357 1331 ΆΙικροῦ
385 1273 663 1324 κατακαύσας
693 1273 827 1316 ἔλαθ’
850 1272 1016 1317 ἑαυτόν.
1050 1279 1235 1318 Tertium
1264 1283 1398 1319 autem
1428 1280 1634 1332 fragmen·

183 1352 267 1388 tum
287 1348 396 1387 licet
426 1349 634 1400 corrigere
665 1360 712 1386 ex
744 1346 967 1386 PolluceX
998 1347 1102 1386 1192
1123 1339 1268 1386 ‘'Otav
1298 1342 1347 1386 δ’
1378 1346 1475 1403 εἴπῃ
1503 1348 1550 1388 ἐν
1577 1347 1635 1405 τῷ

184 1411 472 1468 Αἰολοσίκωνι
499 1410 827 1469 Ἀριστοφάνης
842 1414 971 1454 Δυοῐν
996 1413 1244 1468 λυχνιδίοιν,
1275 1415 1408 1466 δῆλον
1436 1411 1505 1458 ὅτι
1532 1415 1632 1472 λυχ-

182 1481 255 1524 νία
284 1484 459 1539 ιιῖρηκεν,
491 1481 588 1523 ἀλλ’
621 1480 669 1524 οὗ
704 1481 880 1537 μικρούς
909 1479 1101 1536 λύχνους.
1130 1511 1185 1518 --
1215 1486 1484 1540 σαᾳέστερον
1512 1486 1559 1527 δὲ
1586 1486 1633 1528 ἐν

182 1554 270 1601 τοῖς
306 1551 655 1607 Ἀριστοφάνους
692 1550 921 1607 Δράμασιν
958 1547 1166 1609 ἢ“Νιόβῳ
1199 1550 1332 1594 Ἀλλ’
1360 1549 1504 1611 ὥσπερ
1532 1553 1632 1610 λύχ-

183 1635 255 1670 νος
310 1620 551 1675 ὁμοιότατα
593 1618 779 1662 κάθευδ’
820 1621 890 1661 ἐπὶ
927 1620 1003 1660 τοῦ
1038 1620 1270 1675 λυχνιδίου.
1329 1628 1480 1667 rectius
1523 1629 1630 1679 apud

185 1694 396 1733 Pollucem
429 1689 619 1732 κάθευδ’
653 1693 864 1741 scribitur,
903 1693 1046 1744 scripsi
1083 1694 1207 1745 igitur
1242 1692 1456 1743 καθηῦδε.
1512 1694 1632 1748 Λυχ-

183 1759 324 1801 νίδιον
357 1768 492 1802 autem
531 1763 888 1815 antepenultimam
918 1763 1128 1813 producit,
1165 1765 1506 1815 quemadmodum
1537 1766 1629 1806 Ari-

184 1833 405 1884 stophanes
436 1833 541 1884 apud
572 1832 781 1871 Pollucem
813 1831 868 1870 lx
899 1832 978 1870 90:
1006 1826 1203 1870 ’'Hatovv
1239 1845 1281 1871 τι
1320 1829 1396 1880 τὰς
1423 1833 1629 1884 γυναῖκας

182 1896 448 1954 ἀργυρίδιον,
480 1906 522 1940 et
551 1901 721 1952 Eupolis
752 1901 793 1939 in
823 1895 983 1951 Δήμοις
1012 1901 1082 1941 Fr.
1111 1901 1240 1942 XLII.
1306 1897 1416 1953 Ἐγώ
1445 1900 1492 1942 δὲ
1519 1915 1629 1956 συμ-

146 1980 150 1982 “
182 1967 368 2020 ψὴσασα
397 1965 695 2023 τάργυρίδιον,
736 1972 777 2007 et
817 1965 1141 2021 δικαστηρίδιον
1178 1971 1286 2023 apud
1314 1972 1628 2024 Aristophanem

182 2039 222 2078 in
243 2040 387 2091 Vespis
419 2052 453 2077 v.
481 2040 584 2078 799:
614 2034 747 2091 Αὐτῷ
776 2034 1103 2090 δικαστηρίδιον
1129 2036 1283 2091 μικρὸν
1311 2036 1443 2088 πάνυ,
1475 2046 1518 2081 et
1547 2039 1630 2080 δα-

103 2115 111 2131 Χ
182 2104 399 2146 κτυλὶδιον
429 2107 599 2158 Lysistr.
631 2106 739 2145 417:
778 2102 828 2143 τὸ
860 2102 1135 2146 δακτυλίδιον
1162 2105 1291 2155 ntegra
1330 2104 1380 2147 τὸ
1409 2103 1557 2160 ζύγον,
1587 2115 1630 2151 et

184 2172 409 2214 τιτθίδιον
435 2177 485 2214 *in
516 2174 880 2226 Thesmophoria.
912 2175 950 2213 ΙΙ
991 2176 1101 2227 apud
1131 2176 1289 2218 Polluc.
1318 2178 1396 2218 Vll
1426 2180 1500 2218 66:
1535 2178 1631 2219 Καὶ

183 2242 268 2283 τῶν
304 2239 590 2294 ἀποδέσμων,
629 2233 693 2288 οἷς
726 2239 832 2290 ,ἐνῆν
869 2238 1094 2291 τιτθίδια,
1132 2249 1175 2284 et
1213 2245 1358 2285 eodem
1394 2251 1512 2299 pacto
1550 2250 1629 2291 alia

183 2314 339 2361 omnia,
369 2325 473 2364 quae
503 2312 553 2351 ad
584 2312 758 2351 eundem
789 2312 955 2353 modum
983 2314 1272 2363 terminantur,
1308 2316 1349 2356 in
1379 2317 1524 2368 quibus
1551 2318 1627 2360 ho-

184 2383 312 2421 mines
343 2382 450 2421 docti
479 2393 602 2433 saepe
633 2386 884 2422 erraverunt.

882 2492 953 2534 Vi.

373 2569 429 2611 ‘0
459 2571 507 2612 δ’
539 2567 602 2621 ,εἷς
633 2569 681 2612 τὸ
710 2570 940 2612 πλινθιῖον
968 2569 1194 2627 γενόμενος
1220 2573 1431 2631 ἐξέτρεψε.

292 2655 434 2695 Pollux
463 2658 499 2697 X
530 2658 637 2697 185:
687 2646 753 2696 05
791 2655 939 2709 μέντοι
982 2656 1042 2696 οἷ’
1066 2658 1260 2711 κεραμεῖς
1295 2655 1373 2705 τὰς
1408 2654 1625 2707 πλίνθους

181 2718 412 2766 ἔπλαττον,
452 2724 682 2765 πλινθεῖον
723 2724 848 2765 καλεῖ
879 2721 1018 2765 τόπον
1059 2725 1105 2765 ἐν
1133 2723 1360 2781 Δράμασιν
1402 2722 1432 2776 ἢ
1474 2724 1625 2783 Νιόβῳ
