1716 3164
197 171 280 215 m
705 172 1111 216 AmsTOPnAle

197 295 288 324 rum
326 287 468 336 ageret
496 295 656 324 causam
697 288 838 324 contra
875 286 1040 326 Cleonis
1083 287 1335 342 aliorumque
1369 290 1635 344 impotentem

197 354 539 403 dominationem,
568 353 755 406 profecto
785 354 854 393 ilia
884 368 950 394 res
980 356 1118 395 debuit
1147 358 1309 398 Cleonis
1338 361 1436 400 iram
1467 375 1633 414 exaspe-

195 436 309 475 rare„
337 423 474 475 itaque
502 423 584 463 huc
613 424 865 476 potissimum
894 426 1101 476 spectabat
1129 427 1199 466 ma
1227 427 1301 476 lis,
1331 441 1448 480 quam
1478 432 1633 470 Aristo-

195 493 320 546 phani
356 493 529 533 intendit
566 493 690 541 Cleo,
737 493 789 532 dc
825 506 903 544 qua
946 494 1036 546 ipsc
1072 500 1191 547 poeta
1227 497 1269 537 in
1307 498 1633 540 Acharnensibus

193 575 233 603 v.
260 562 369 602 5⁰2:

421 625 484 670 Οὐ
513 625 594 683 γάρ
622 642 674 682 με
703 626 782 668 νῦν
809 642 853 680 γε
883 629 1091 682 διαβαλεῖ
1113 631 1277 683 Κλέων,
1308 627 1376 673 ὅτι

417 697 549 750 ξένων
577 694 805 752 παρόντων
832 697 912 749 τὴν
941 697 1068 740 πόλιν
1096 700 1233 748 κακῶς
1261 701 1382 754 λέγω.

191 769 419 822 eodemque
449 775 566 821 pacto
597 770 718 809 etiam
748 770 1053 822 magistratuum
1090 772 1326 812 iniustitiam
1365 779 1406 813 et
1434 777 1630 826 protervi-

189 844 315 880 tatem
344 838 479 890 tetigit
508 843 650 890 poeta,
688 851 880 890 quorsum
909 839 1108 888 refertur,
1146 840 1254 892 quod
1285 841 1382 882 dicit
1411 844 1631 885 scholiasta

188 909 242 949 ad
279 909 389 948 hunc
428 908 585 947 locum:
624 901 876 962 ἐκωμῴδησε
903 904 984 961 γὰρ
1014 904 1089 955 τάς
1118 921 1160 947 τε
1190 908 1408 963 κληρωτὰς
1446 912 1518 951 καὶ
1543 925 1628 964 χει-

189 974 426 1032 ροτονητὰς
462 971 595 1028 ἀρχὰς
631 975 704 1015 καὶ
734 975 918 1016 Κλέωνα
947 975 1174 1032 παρόντων
1211 978 1297 1018 τῶν
1334 977 1476 1029 ξένων.
1546 983 1628 1022 Sed

189 1048 243 1090 de
270 1059 391 1087 causa
422 1046 492 1087 illa
518 1046 598 1086 iam
628 1046 779 1086 dictum
809 1051 872 1088 est
900 1060 1036 1100 supra.
1073 1050 1126 1088 At
1155 1050 1263 1089 viros
1292 1050 1508 1102 populares
1538 1065 1629 1104 gra-

189 1118 296 1158 viter
322 1117 444 1156 etiam
475 1116 690 1167 exagitavit
717 1119 860 1168 poeta,
899 1130 991 1158 cum
1023 1118 1226 1157 Bacchum
1261 1119 1302 1158 in
1332 1119 1526 1159 iudicium
1553 1134 1628 1160 vo-

190 1180 324 1228 c'atum
352 1184 585 1233 exhiberet,
623 1185 665 1223 in
695 1197 776 1236 quo
803 1185 966 1237 quidem
994 1186 1166 1235 iudicio,
1204 1190 1250 1226 ut
1284 1188 1462 1238 conieci,
1498 1188 1628 1230 Phor-

188 1258 336 1300 mionis
365 1254 620 1311 potissimum
649 1266 810 1295 causam
841 1255 938 1308 egit.

889 1376 922 1416 1.

367 1447 435 1501 ς,Ω
468 1455 566 1509 Ζεῦ,
593 1453 642 1497 τὸ
667 1453 814 1511 χρῆμα
843 1454 919 1506 τῆς
947 1452 1148 1505 νεολαίας
1174 1452 1231 1506 ὥς
1258 1453 1404 1499 καλόν.

295 1571 469 1613 Photius
495 1583 537 1623 p.
566 1568 649 1610 295
673 1570 725 1608 82
755 1564 996 1609 Νεολαίαν·
1025 1567 1105 1621 τὴν
1132 1564 1313 1619 νεότητα
1342 1569 1628 1625 τετρασυλλά-

187 1640 273 1696 βως
302 1639 344 1681 οἷ
370 1633 580 1680 Ἀττικοί.
634 1634 960 1690 Βαβυλωνίοις·
982 1629 1046 1679 ’.Ω
1065 1637 1150 1679 Ζεῦ
1176 1638 1266 1680 κτλ.
1324 1642 1518 1681 Fortasse
1546 1642 1627 1683 hoc

184 1724 307 1753 versu
335 1709 587 1751 comoediam
617 1720 784 1748 exorsus
814 1712 876 1748 est
905 1713 1047 1761 poeta,
1091 1710 1428 1762 quemadmodum
1468 1713 1509 1751 in
1539 1713 1625 1753 Nu-

183 1784 296 1824 bium
326 1780 440 1821 initio
469 1779 642 1831 legitur:
662 1765 729 1817 ἶ,Ω
763 1775 847 1817 Ζεῦ
874 1776 1066 1830 βασιλεῦ,
1097 1775 1146 1818 τὸ
1171 1777 1318 1832 χρῆμα
1346 1778 1432 1819 τῶν
1460 1779 1624 1821 νυκτῶν

183 1843 304 1892 ὅσον.
376 1861 497 1901 quem
540 1859 702 1886 versum
744 1848 991 1900 comparavit
1036 1848 1157 1889 etiam
1200 1850 1453 1891 Fritzschius
1496 1865 1538 1905 p.
1581 1854 1621 1894 9.

181 1920 357 1966 Videtur
384 1922 520 1960 autem
549 1916 693 1970 aliquis
722 1916 846 1969 loqui,
876 1919 945 1970 qui
974 1919 1130 1971 legatos
1159 1919 1357 1961 accedere
1385 1922 1596 1974 conspicit.

873 2036 927 2077 Π.

355 2113 543 2178 ,Σαμίων
571 2112 595 2156 6
625 2112 762 2171 δῆμός
796 2115 939 2158 ἐστιν·
968 2114 1026 2167 ὥς
1054 2115 1428 2175 πολυγράμματος.

294 2229 551 2283 Hesychius:
590 2223 774 2280 Σαμίων
801 2224 824 2267 6
855 2225 1012 2282 δῆμος·
1042 2226 1154 2284 φησί
1179 2243 1244 2279 τις
1272 2227 1392 2286 παρὰ
1419 2228 1477 2287 τῷ
1503 2228 1623 2286 Ἀρι-

185 2295 394 2355 στοφάνει
432 2299 607 2351 (vuigoz
647 2294 759 2351 φησί
796 2310 838 2338 τι
869 2297 964 2353 περὶ
993 2296 1079 2338 τῶν
1112 2294 1487 2354 Ἀριστοφάνους)
1524 2300 1623 2351 τοὺς

183 2369 229 2412 ἐκ
257 2366 335 2410 τοῦ
361 2365 555 2422 μυλῶνος
583 2360 689 2406 ἰδών
714 2364 1038 2419 Βαβυλωνίους.
1079 2365 1263 2421 Σαμίων
1290 2365 1314 2409 ὁ
1344 2366 1480 2423 δῆμός
1506 2369 1624 2412 ἐστιν

184 2435 243 2488 ὥς
271 2432 649 2492 πολυγράμματος.
705 2433 1108 2489 καταπληττόμενος
1135 2435 1216 2487 τὴν
1243 2435 1352 2491 ὄψιν
1379 2437 1522 2480 αὐτῶν
1548 2441 1624 2482 καὶ

185 2505 430 2560 ἐπαπορῶν.
488 2508 626 2548 Minus
655 2512 768 2547 recte
797 2507 900 2547 haec
927 2507 1243 2560 interpretantur
1273 2510 1442 2551 Photiuu
1469 2523 1511 2562 p.
1540 2511 1622 2551 498

187 2578 242 2619 15
271 2582 315 2617 et
342 2577 488 2619 Suidas
524 2590 561 2617 v.
590 2573 794 2629 Σαμίων·
834 2571 1017 2628 Σαμίων
1051 2573 1075 2616 6
1113 2575 1249 2630 δῆμος
1283 2575 1341 2626 οἷς
1376 2575 1621 2633 πολυγράμ-

186 2658 338 2702 ματος.
392 2641 714 2700 Ἀριστοφάνης
741 2642 1042 2698 Βαβυλωνίοις
1075 2643 1353 2687 ἐπισκώπτων
1383 2644 1481 2696 τοὺς
1509 2647 1623 2690 ἐστι·

189 2715 389 2773 γμὲνους·
429 2714 472 2755 οἱ
509 2714 591 2770 γὰρ
619 2710 782 2770 Σάμιοι
818 2715 1197 2766 καταπονηθέντες
1233 2712 1316 2758 ὑπὸ
1346 2715 1431 2757 ταῖν
1470 2713 1620 2774 τυράν.
