1716 3164
252 181 361 222 1118
774 178 1130 222 ARISTOPHAN
1136 181 1182 222 IS

250 289 433 331 Κλέωνα
470 285 685 344 κωμῳδῶν
722 285 800 329 τὸν
836 285 1115 341 ἀντιλέγοντα
1150 289 1223 330 καὶ
1258 289 1471 347 Λάμαχον
1505 292 1582 335 τὸν
1618 309 1692 350 φι-

250 355 492 411 λοπόλεμον
531 356 597 398 ἀεὶ
634 354 897 412 διαβάλλων.
966 360 1095 412 Igitur
1133 362 1324 402 Cleonem
1364 368 1404 404 et
1434 366 1692 416 Lamachum,

251 431 402 483 quippe
432 429 499 481 qui
530 431 627 469 beni
656 430 884 469 incendium
914 429 1071 468 alerent
1100 434 1141 468 et
1171 431 1332 481 gravius
1371 435 1492 474 etiam
1522 437 1692 476 suscita-

249 504 364 548 rent,
403 512 618 551 aggressus
656 503 719 538 est
758 503 903 551 poeta;
945 502 986 538 et
1022 499 1072 538 ad
1110 499 1304 541 Cleonem
1340 502 1502 552 quidem
1538 508 1693 557 spectat

251 570 321 610 Fr.
354 569 421 619 xl,
452 569 503 608 ad
534 569 780 610 Lamachum
809 567 982 608 fortasse
1011 569 1080 608 Fr.
1110 568 1199 608 XX.

959 679 991 718 1.

495 756 659 816 Πρώην
685 756 911 815 ἐρανιστάς
940 757 1091 800 ἑστιῶν
1118 753 1262 814 ἡ’ψησ’
1290 756 1423 808 ἔτνος.

359 868 531 909 Photius
568 881 608 920 p.
641 868 688 907 11
728 868 804 906 22:
848 861 1093 919 Ἑρανὶσας·
1132 865 1441 918 Δημοσθένης,
1482 864 1579 907 ἀντὶ
1615 868 1694 910 τοῦ

248 934 404 991 ἔρανον
433 930 631 986 αἰτήσας.
687 933 912 990 ἐρανιστὴς
938 935 1087 988 μέντοι
1115 933 1267 988 κυρίως
1294 934 1413 975 ἐστὶν
1442 931 1465 975 ὁ
1490 936 1568 976 τοῦ
1595 935 1692 993 ἐρά-

248 1019 327 1046 νου
355 1005 561 1058 μετέχων·
592 1005 664 1046 καὶ
696 1002 776 1055 τὴν
805 1000 959 1059 φοράν,
990 1000 1046 1054 ἣν
1071 999 1250 1045 ἑκάστου
1277 1002 1414 1056 μηνὸς
1443 1002 1528 1045 ἔδει
1556 1021 1690 1047 κατα-

249 1071 444 1129 βάλλειν,
484 1070 710 1131 εἰσφέρων.
772 1070 1018 1128 ἐρανιστάς·
1054 1070 1111 1122 ὥς
1138 1070 1258 1126 ἡμεῖς
1286 1072 1505 1117 καλοῦσιν.
1559 1072 1690 1130 Ἀρι-

249 1140 475 1200 στοῳάνης
500 1141 730 1184 Ὁλκάσιν·
759 1139 925 1198 Πριόην
951 1142 1041 1186 κτλ.
1088 1133 1258 1193 Eadem,
1288 1144 1359 1183 sed
1389 1149 1577 1198 corrupta
1607 1149 1691 1188 Zo-

246 1220 363 1257 naras
395 1215 412 1255 1
442 1229 482 1268 p.
512 1216 607 1255 862.

876 1297 914 1336 11
943 1321 998 1328 -
1030 1296 1077 1337 V.

1017 1372 1141 1416 Ἀλλ’
1175 1373 1336 1432 ἱμάντα
1367 1393 1443 1432 μοι

467 1458 550 1509 Δὸς
578 1459 653 1500 καὶ
681 1455 878 1513 ζμινύην·
908 1457 985 1512 ἐγώ
1018 1457 1101 1514 γάρ
1129 1451 1218 1514 εἶμ’
1250 1460 1320 1501 ἐπὶ
1350 1458 1469 1512 ξύλα.

356 1551 592 1591 Eustathius
639 1563 678 1602 p.
729 1551 833 1589 217:
877 1547 1031 1597 Αἴλιος
1073 1546 1299 1599 Διονύσιός
1341 1562 1477 1605 φησιν
1521 1544 1587 1591 ὅτι
1631 1578 1685 1586 -—

242 1619 316 1661 καὶ
359 1619 439 1666 τὴν
480 1614 657 1671 ζμινύην
702 1617 956 1670 (λέγουσιν)
1000 1644 1056 1651 --
1091 1620 1234 1673 φέρων
1270 1621 1344 1661 καὶ
1376 1619 1532 1674 χρῆσιν
1564 1616 1689 1675 Ἀρι-

243 1685 491 1744 στοιράνους
531 1684 694 1738 ταύτην
742 1683 878 1727 Ἀλλ’
926 1683 1088 1741 ἱμάντα
1127 1688 1217 1731 κτλ.
1288 1692 1438 1731 Servus
1482 1692 1584 1731 haec
1627 1692 1688 1731 di-

243 1773 338 1801 cere
379 1760 540 1799 videtur
582 1760 631 1798 ab
674 1758 776 1797 hero
823 1757 967 1810 lignari
1010 1760 1165 1800 iussus:
1211 1760 1262 1800 ad
1306 1762 1511 1801 Holcadas
1552 1766 1688 1801 autem

242 1829 382 1869 rettuli
431 1842 511 1868 non
557 1833 713 1867 tantum
757 1826 809 1867 ob
861 1827 1166 1868 similitudinem
1217 1843 1320 1882 quae
1366 1831 1472 1870 inter
1521 1831 1602 1869 hoc
1646 1835 1688 1870 et

243 1899 301 1941 Vl
343 1899 618 1950 fragmentum
668 1896 907 1946 intercedit,
965 1898 1039 1938 sed
1082 1900 1253 1939 maxime
1297 1906 1465 1952 propter
1507 1900 1687 1940 Pollucis

242 1969 546 2014 auctoritatem,
589 1966 658 2016 qui
695 1965 733 2005 X
771 1966 852 2006 173
889 1966 1006 2006 dicit:
1054 1964 1203 2015 Φαίην
1239 1963 1291 2004 δ’
1335 1963 1389 2006 ἂν
1424 1963 1524 2007 κατ’
1560 1963 1686 2021 Ἀρι-

242 2031 469 2090 στοφάνην
508 2032 555 2072 ἐν
586 2028 771 2073 Ὃλκάσι
809 2033 884 2074 καὶ
912 2029 1157 2082 παττάλους
1184 2031 1396 2089 ἐκκρούειν
1423 2035 1495 2075 καὶ
1525 2032 1683 2076 σκύτα-

239 2103 317 2144 λον
344 2096 612 2157 ὑπὸσίδηρον
646 2101 720 2142 καὶ
756 2099 969 2156 σμινύδας
999 2103 1074 2144 καὶ
1102 2099 1353 2156 ἀγκαλίδας.
1410 2106 1546 2156 Haec,
1576 2120 1681 2158 quae

241 2179 304 2216 ent
332 2175 435 2214 ratio
471 2173 581 2213 illius
620 2172 719 2221 ioci,
758 2175 892 2213 omnia
929 2186 977 2213 ex
1015 2186 1096 2214 una
1132 2175 1356 2226 eademque
1393 2175 1529 2215 sabula
1557 2178 1684 2228 petita

198 2290 202 2292 a
239 2249 355 2293 sunt3
385 2243 643 2284 scribendum
672 2247 806 2282 autem
836 2241 911 2281 καὶ
938 2238 1252 2290 παττάλους
1287 2239 1573 2297 ε’γκρούειν
1609 2244 1683 2283 καὶ

240 2308 542 2352 σκυτάλιον
582 2306 923 2365 ὑποσίδηρον
957 2310 1030 2350 καὶ
1076 2308 1310 2364 σμινύας
1347 2313 1420 2352 καὶ
1450 2310 1679 2364 ἀγκαλί-

239 2379 350 2429 δας.
420 2383 474 2422 Et
503 2376 732 2420 σκυτάλιον
762 2382 924 2433 quidem
954 2382 1210 2422 scribendum
1241 2396 1330 2423 esse
1361 2385 1536 2423 ostendit
1564 2384 1683 2424 scho-

238 2452 356 2492 liasta
386 2452 529 2492 Avium
570 2464 606 2490 v.
640 2451 767 2490 1283:
811 2447 899 2488 Τοῦ
935 2448 980 2488 δὲ
1018 2448 1250 2490 σκυτάλιον
1286 2448 1336 2490 τὸ
1375 2451 1404 2489 ἆ
1441 2448 1679 2502 ἐκτείνεται,
1715 2469 1716 2475 ¹

238 2516 295 2568 ὠς
335 2519 380 2559 ἐν
414 2515 641 2570 (Ολκάσιν,
682 2517 798 2559 ἔνθα
835 2518 908 2558 καὶ
939 2516 988 2558 τὸ
1018 2518 1300 2573 Νικοφῶντος
1337 2519 1382 2570 ἐξ
1416 2517 1682 2574 Ἀφροδίτης
1712 2533 1716 2558 ,ς

240 2588 388 2628 Ῑονῶν
423 2588 670 2650 παρετέθη,
698 2585 802 2630 ,Οὐκ
836 2587 877 2635 ἐς
904 2585 1091 2642 κόρακας
1129 2586 1178 2628 τὸ
1203 2586 1311 2643 χεῖρ’
1349 2586 1519 2628 ἀποίσει
1555 2588 1678 2630 ἐκπο·
1712 2575 1716 2649 2

240 2655 329 2697 δών
355 2655 473 2697 Ἀπὸ
504 2658 579 2698 τοῦ
608 2655 843 2699 σκυταλίου
871 2670 914 2696 τε
942 2658 1016 2696 καὶ
1045 2657 1119 2707 τῆς
1148 2657 1386 2712 διᾳθέρας·
1416 2651 1528 2697 οὕτω
1556 2655 1675 2712 Σύμ-

238 2726 386 2780 μαχος.
457 2723 652 2779 Σμινὺας
697 2733 833 2769 autem
880 2729 932 2769 ad
967 2729 1077 2770 hunc
1113 2730 1245 2781 ipsum
1283 2740 1443 2769 versum
1484 2730 1675 2782 pertinet,
1704 2727 1711 2781 ,f
