1716 3164
206 166 318 210 1250
382 166 575 209 SUPPL.
605 166 821 207 schPT.
851 167 923 209 AD
954 167 1099 210 HIST.
1130 168 1263 210 coM.
1292 168 1484 210 SPECT.
1660 0 1716 253 ἒ

315 276 518 332 Διαφέρει
546 273 572 326 ἡ
602 272 809 333 κωμῳδία
838 274 913 327 τῆς
942 275 1181 332 λοιδορίας,
1225 276 1317 318 ἐπεὶ
1353 275 1378 336 ἡ
1411 279 1490 330 μὲν
1518 276 1661 319 λοιδο-
1701 275 1716 338 J

208 345 282 404 ρία
310 342 684 401 ἀπαρακαλύπτως
713 343 768 386 τὰ
797 343 1018 402 προσόντα
1047 344 1158 388 κακὰ
1189 345 1411 399 διέξεισιν,
1443 345 1468 397 ἡ
1500 347 1544 388 δὲ
1575 348 1660 389 δεῖ-
1712 341 1716 374 ’ἶ

209 431 283 458 ται
311 415 387 466 τῆς
415 414 679 469 καλουμένης
709 415 948 470 ἐμφάσεως.

313 482 371 526 ‘0
400 482 607 530 σκώπτων
635 484 817 540 ἐλέγχειν
846 485 968 527 θέλει
997 482 1291 540 ἁμαρτήματα
1314 484 1388 537 τῆς
1413 486 1564 540 ψυχῆς
1585 488 1659 528 καὶ

208 553 288 597 τοῦ
316 551 530 609 σώματος.

319 621 556 679 Σύμμετρα
586 623 663 665 τοῦ
694 621 839 680 φόβου
871 624 1000 666 θέλει
1036 615 1148 665 εἶναι
1184 624 1230 665 ἐν
1268 626 1363 674 ταῖς
1389 620 1662 682 τραγῳδίαις,

208 693 282 736 καὶ
311 693 389 735 τοῦ
416 691 585 748 γελοίου
614 694 659 735 έν
689 696 783 743 ταῖς
812 693 1069 751 κωμῳδίαις.

319 762 566 820 Κωμῳδίας
598 757 701 814 ὕλη,
732 763 904 817 μῦθος,
935 755 1075 815 ἦθος,
1119 759 1316 813 διάνοια,
1353 763 1486 816 λέξις,
1523 764 1660 819 μέλος,

210 828 332 887 ὄψις.
388 832 558 882 Μῦθος
594 830 777 887 κωμικός
815 832 934 873 ἐστιν
972 830 995 873 ὁ
1026 833 1119 887 περὶ
1151 832 1319 885 γελοίας
1354 831 1527 887 πράξεις
1557 832 1662 888 ἔχων

210 900 291 952 τὴν
332 897 561 944 σύστασιν.
632 899 731 953 ἤθη
776 901 1002 959 κωμῳδίας
1044 898 1099 942 τά
1133 916 1177 942 τε
1225 900 1457 957 βωμολόχα
1497 904 1572 944 καὶ
1608 902 1662 944 τὰ

209 966 407 1026 εἶρωνικά
435 972 508 1013 καὶ
538 969 593 1012 τὰ
620 971 706 1013 τῶν
738 969 971 1022 ἀλαζόνων.
1025 969 1223 1020 διανοίας
1250 972 1357 1026 μέρη
1389 969 1480 1024 δύο,
1511 969 1660 1027 γνώμη

209 1041 286 1082 καὶ
331 1037 490 1089 πίστις.
555 1039 720 1096 κωμική
766 1041 858 1083 ἐστι
900 1041 1009 1093 λέξις
1045 1039 1165 1091 κοινὴ
1206 1042 1280 1082 καὶ
1326 1038 1549 1094 δημώδης·
1598 1041 1667 1082 δεῖ

209 1108 288 1151 τὸν
325 1109 636 1167 κωμῳδοποιόν
673 1110 753 1162 τὴν
791 1109 974 1166 πάτριον
1011 1108 1146 1151 αὑτοῦ
1179 1110 1382 1164 γλῶσσαν
1410 1112 1497 1158 τοῖς
1527 1124 1660 1164 προσ-

208 1175 344 1228 ώποις
382 1180 682 1235 περιτιθέναι,
723 1179 809 1230 τήν·
833 1181 878 1221 δὲ
906 1178 1132 1236 ἐπιχώριον
1171 1177 1286 1236 αὐτῷ
1322 1177 1478 1236 ἐκείνῳ.
1533 1179 1661 1233 μέλος

207 1247 285 1299 τῆς
312 1249 521 1303 μουσικῆς
550 1247 667 1291 ἔστιν
697 1249 835 1290 ἴδιονι
875 1245 987 1292 ὅθεν
1017 1239 1109 1291 (ἐπ”
1127 1247 1286 1300 ἐκείνης
1315 1248 1391 1299 τὰς
1421 1246 1661 1299 αὐτοτελεῖς

210 1314 415 1374 ἀφορμὰς
453 1317 588 1377 δεήσῃ
626 1319 880 1375 λαμβάνειν.
944 1318 970 1370 ἡ
1011 1317 1116 1374 ὄψις
1151 1317 1342 1374 μεγάλην
1382 1317 1531 1375 χρείαν
1571 1321 1660 1369 τοῖς

210 1384 406 1444 δράμασι
434 1387 516 1439 τὴν
545 1387 806 1445 συμφωνίαν
834 1390 1019 1445 παρέχει.
1091 1387 1147 1430 ‘0
1174 1389 1323 1444 μῦθος
1351 1390 1425 1430 καὶ
1452 1389 1561 1441 λέξις
1588 1391 1662 1431 καὶ

208 1453 261 1497 τὸ
289 1456 418 1511 μέλος
446 1456 493 1498 ἐν
521 1457 688 1506 πάσαις
716 1457 960 1514 κωμῳδίαις
975 1457 1265 1516 θεωροῦνται,
1294 1454 1485 1499 διάνοιαι
1515 1458 1560 1499 δὲ
1587 1459 1662 1500 καὶ

208 1515 330 1577 ἦθος
357 1526 431 1567 καὶ
461 1523 566 1582 ὄψις
593 1525 639 1567 ἐν
668 1522 849 1579 ὀλίγαις.

325 1595 453 1650 Μέρη
482 1594 559 1646 τῆς
579 1595 808 1653 κωμῳδίας
827 1594 1050 1651 πρόλογος,
1071 1593 1257 1652 χορικόν,
1286 1593 1540 1650 ἐπεισόδιον,
1571 1595 1662 1650 ἔξο-

215 1661 305 1713 δος.
362 1661 591 1719 Πρόλογός
627 1665 745 1707 ἐστιν
785 1666 940 1722 μόριον
967 1665 1192 1724 κωμῳδίας
1221 1665 1270 1707 τὸ
1299 1666 1421 1722 μέχρι
1448 1667 1524 1718 τῆς
1551 1663 1663 1709 εἴσό-

214 1732 294 1775 δου
323 1733 402 1776 τοῦ
425 1733 570 1790 χοροῦ.
631 1733 805 1791 χορικόν
833 1736 924 1777 ἐστι
952 1734 1001 1777 τὸ
1029 1734 1113 1777 ὑπο
1143 1735 1221 1776 τοῦ
1243 1736 1375 1791 χοροῦ
1404 1736 1530 1790 μέλος
1559 1735 1663 1794 ᾀδό-

211 1816 366 1858 μενον,
405 1798 514 1845 &rav
553 1801 626 1861 ε’χῃ
664 1805 854 1860 μέγεθος
892 1803 1054 1850 ἱκανόν,
1109 1802 1351 1846 ἐπεισόδιόν
1387 1806 1480 1847 ἐστι
1506 1805 1555 1848 τὸ
1582 1822 1661 1861 με-

211 1871 322 1925 ταξὺ
360 1870 439 1915 δύο
471 1873 655 1930 χορικῶν
691 1875 844 1930 μελῶν.
903 1873 1050 1930 ἔξοδός
1089 1876 1179 1918 ε’στι
1217 1874 1266 1918 τὸ
1305 1876 1375 1918 ἐπὶ
1404 1875 1512 1918 τέλει
1541 1874 1657 1931 λεγό-

212 1955 346 1997 μενον
372 1941 452 1984 τοῦ
476 1944 622 1999 χοροῦ.
797 1965 820 1982 ο
