1716 3164
208 135 289 182 692
782 132 1054 173 PLATOMS

888 242 995 282 XLI.

321 325 561 368 Aristoteles
592 323 714 364 Rhet.
747 324 763 363 I
794 324 870 363 16:
899 316 994 363 οἷον
1010 320 1229 376 Εὔβουλος
1257 325 1302 366 ἐν
1329 332 1418 376 τοῖς
1446 328 1654 380 δικαστη-

210 394 316 450 ρίοις
345 390 554 447 ἐχρήσατο
583 389 697 431 κατὰ
715 389 940 447 Χάρητος,
966 386 999 450 ᾦ
1026 391 1217 433 Πλάτων
1244 385 1338 436 εἶπε
1367 396 1473 453 πρὸς
1499 395 1654 455 Ἀρχί-

210 464 307 517 βιον
336 456 403 503 ὅτι
431 460 686 502 ἐπιδέδωκεν
713 459 759 501 ἐν
789 461 841 518 τῇ
869 459 993 503 πόλει
1022 461 1070 503 τὸ
1100 460 1325 517 ὁμολογεῖν
1352 466 1568 522 πονηροὺς
1590 461 1653 508 εἶ-

210 546 295 574 ναι.
327 534 417 573 Dixi
447 533 498 572 de
526 532 594 572 his
622 533 733 572 nist.
764 533 852 572 crit.
882 547 921 585 p.
943 535 1036 574 161.
1067 536 1134 573 ubi
1164 536 1271 587 quod
1302 537 1492 578 Archibio
1522 542 1654 592 Agyr-

209 605 288 644 rhii
317 616 465 643 nomen
494 602 822 642 substituendum
864 615 954 642 esse
984 605 1210 655 suspicatus
1242 617 1357 655 sum,
1396 619 1503 647 nunc
1532 622 1653 660 repu-

209 674 291 713 dio.
350 673 394 713 Si
436 671 533 723 quid
570 671 821 720 mutandum,
862 672 998 712 malim
1035 673 1175 724 utique
1207 667 1435 727 Ἀρχῖνον,
1485 678 1536 717 de
1574 690 1653 731 quo

207 742 300 782 vide
327 754 450 794 supra
479 754 520 793 p.
552 741 650 780 661.

884 824 1013 865 XLII.

319 908 466 948 Sextus
504 906 735 959 Empiricus
770 906 859 948 adv.
898 908 1022 948 Rhet.
1056 909 1093 948 11
1135 924 1173 962 p.
1201 911 1282 950 296
1320 911 1502 952 civitates
1541 912 1651 961 dicit,

206 978 248 1017 in
278 976 423 1028 quibus
452 976 588 1015 nullus
618 976 670 1015 sit
699 976 914 1016 rhetoricis
944 978 1097 1018 artibus
1126 980 1252 1029 locus,
1283 981 1396 1033 leges
1421 986 1654 1021 constanter

207 1059 393 1086 servare:
422 1041 542 1098 παρὰ
571 1042 617 1083 δὲ
645 1044 735 1091 τοῖς
763 1045 1059 1099 προσιεμένοις
1088 1044 1224 1097 αὐτὴν
1241 1049 1528 1101 (rhetoricam)
1547 1045 1651 1098 ὁση·

206 1114 333 1170 μέραι
364 1112 678 1167 νεοχμοῦσθαι,
708 1106 852 1169 ὥσπερ
881 1116 955 1155 καὶ
984 1113 1090 1170 παρ’
1133 1113 1418 1167 Ἀθηναίοις,
1447 1114 1651 1173 καθάπερ

205 1185 279 1225 καὶ
300 1180 521 1239 ’Πλάτωη
559 1179 582 1223 ὁ
612 1182 688 1232 τῆς
716 1180 900 1237 ἀρχαίας
928 1183 1154 1241 κωμῳδίας
1184 1182 1376 1235 ποιητής,
1408 1186 1540 1238 λέγει*
1578 1188 1652 1227 καὶ

206 1251 287 1308 γὰρ
316 1256 426 1308 τρεῖς
455 1248 530 1292 ἐάν
559 1265 636 1301 τις,
666 1250 814 1305 φησιν,
845 1250 1066 1311 ἐκδημήσῃ
1094 1254 1256 1309 μῆνας,
1287 1253 1425 1295 οὐκέτι
1453 1252 1653 1308 ἐπιγινώ-

206 1335 323 1364 σκειν
354 1321 433 1372 τὴν
472 1319 621 1372 πόλιν,
660 1318 772 1360 ἀλλὰ
810 1323 1124 1377 παραπλησίως
1161 1326 1249 1372 τοῖς
1288 1322 1438 1372 νυκτὸς
1467 1339 1653 1380 περιπα-

205 1391 331 1433 τοῦσι
359 1388 479 1446 παρὰ
508 1388 562 1431 τὰ
591 1387 706 1444 τείχη
735 1388 942 1447 καθάπερ
971 1391 1091 1442 τινὰς
1119 1390 1332 1449 ἀγγάρους
1360 1391 1651 1446 κατάγεσθαι,

206 1459 256 1502 τὸ
285 1455 390 1502 ὅσον
418 1460 490 1500 ἐπὶ
518 1461 607 1508 τοῖς
636 1457 785 1513 νόμοις
813 1459 873 1513 μὴ
905 1460 979 1511 τῆς
1008 1460 1142 1514 αὐτῆς
1170 1461 1303 1513 οὔσης
1325 1460 1498 1512 πόλεως.
1529 1468 1652 1508 Haud

206 1532 483 1585 improbabilis
540 1531 717 1571 Fabricii
759 1532 993 1572 coniectura
1042 1539 1103 1574 est
1142 1536 1245 1576 haec
1291 1536 1343 1575 ad
1388 1530 1582 1575 Ἐλλάδα
1621 1530 1650 1585 ἢ
1714 1579 1716 1581 ,

208 1597 385 1650 Νήσους
414 1601 641 1642 revocanda
671 1614 761 1641 esse
791 1602 1044 1653 suspicantis.

862 1722 1012 1763 XLIII.

318 1806 551 1846 Athenaeus
583 1807 601 1845 I
630 1819 670 1858 p.
703 1805 753 1844 31
773 1818 817 1844 e:
858 1799 1110 1855 Πολύζηλος
1146 1802 1326 1855 αὐτίτην
1359 1805 1484 1846 καλεῖ
1516 1798 1648 1856 οἶνον,

205 1870 397 1913 Πλάτων
426 1872 471 1913 δὲ
501 1871 524 1913 ὁ
554 1871 737 1928 κωμικὸς
772 1870 1023 1916 καπνίαν,
1083 1869 1309 1922 κάλλιστος
1344 1871 1396 1914 δ’
1424 1868 1548 1925 οὗτος
1584 1875 1650 1931 γί-

206 1956 324 1984 νεται
354 1941 400 1982 ἐν
427 1941 687 1999 Βενεβέντῳ.

856 2035 999 2076 XLIV.

313 2119 551 2161 Athenaeus
583 2117 690 2169 up.
721 2117 842 2157 4711:
873 2112 1064 2156 Πλάτων
1086 2114 1156 2157 Οὐ
1181 2118 1508 2171 μονοσιτεῖν
1536 2114 1650 2158 ἑκά·

205 2185 377 2238 στοτε,
399 2181 528 2226 ἀλλὰ
557 2181 777 2226 κάνίοτε
808 2183 1047 2226 δειπνεῖν
1075 2185 1157 2235 δὶς
1185 2186 1275 2237 τῆς
1304 2184 1517 2243 ἡμέρας.
1543 2190 1647 2230 Ver-

206 2271 274 2298 sus
303 2259 360 2298 ita
388 2257 479 2297 fere
507 2257 726 2297 restituere
754 2256 915 2296 licebit:

456 2321 533 2364 οὐκ
563 2321 655 2364 ἔστι
682 2325 929 2376 μονοσιτεῖν
955 2319 1172 2374 ἑκάστοτ’,
1201 2320 1311 2364 ἄλλα
1338 2324 1408 2366 δεῖ

454 2391 622 2434 κάνίοτε
652 2391 839 2433 δειπνεῖν
867 2399 886 2419 ⁴·
917 2398 935 2419 *
965 2392 1033 2441 δὶς
1062 2392 1138 2442 τῆς
1162 2389 1335 2448 ἡμέρας,

205 2466 271 2505 vel
306 2491 361 2497 --
399 2461 509 2503 ἀλλὰ
541 2463 616 2503 καὶ
644 2458 805 2516 Ιεῗνίοτε
843 2461 1029 2503 δειπνεῖν
1067 2460 1136 2500 δεῖ
1167 2473 1214 2500 σε
1254 2459 1320 2509 δίς
1356 2461 1432 2512 τῆς
1470 2460 1645 2518 ἡμέρας.

203 2534 264 2574 De
295 2534 417 2573 verbo
446 2532 715 2585 μονοσιτεῖν,
743 2533 871 2573 semel
898 2533 1084 2586 quotidie
1113 2532 1248 2572 cibum
1279 2546 1447 2585 capere,
1487 2535 1645 2586 Hippo-

203 2603 324 2643 cratis
367 2604 552 2655 exempla
594 2604 819 2644 attuleruut
871 2603 1132 2644 Casaubonus
1191 2606 1233 2642 et
1271 2602 1442 2643 Foesius
1491 2603 1643 2644 Oecon.
1708 2594 1715 2599 ’

202 2672 328 2725 Hipp.
358 2685 399 2724 p.
429 2672 526 2711 417.
