1716 3158
207 203 288 243 060
800 199 1076 241 PLATONIS

205 310 278 353 διὰ
308 309 356 351 τὸ
384 311 457 350 καὶ
495 308 569 348 τὸν
600 304 835 363 ΝΙόρσιμον
874 303 1025 363 ἰατρὸν
1062 300 1172 349 εἶναι
1212 307 1345 364 ἀφυῆ.
1404 302 1458 363 ἦν
1495 313 1541 354 δὲ
1581 313 1653 354 καὶ

207 376 528 436 τραγῳδοποιός
566 374 711 431 ἀφυὴς
747 374 771 419 ὁ
812 373 1055 434 Μόρσιμος.
1116 381 1383 423 Praetervidit
1419 385 1519 425 haec
1558 386 1652 425 Din-

208 452 378 492 dorfius.

901 559 974 599 111.

370 640 463 682 Καὶ
481 642 582 691 ,τοῖς
612 637 787 696 τρόποις
815 636 1033 696 ἁρμόττον
1059 636 1203 698 ὥσπερ
1232 644 1329 698 περὶ
1358 640 1489 685 πόδα.

322 754 494 794 Photius
538 754 635 793 Lex.
673 766 714 805 p.
744 753 827 793 420
863 754 929 793 14.
977 753 1075 807 περὶ
1117 749 1254 794 notia:
1305 748 1400 795 οἷον
1440 748 1658 809 ἁρμόττον

209 819 408 878 σφόδρα,
449 819 506 869 ὥς
535 817 588 860 τὰ
620 816 883 875 ὑποδήματα
917 821 1005 869 τοῖς
1033 818 1178 863 ποσίν.
1248 810 1439 866 Πλάτων
1464 819 1538 871 Ὡς
1567 820 1660 862 ἔστι

207 906 283 947 μοι
321 889 370 931 τὸ
396 889 543 945 χρῆμα
574 888 702 930 τοῦτο
732 890 829 944 περὶ
863 886 994 933 πόδα.
1043 892 1117 931 καὶ
1146 890 1192 932 ἐν
1220 891 1402 941 Σκευαῖς
1449 893 1541 933 Καὶ
1570 891 1659 938 τοῖς

209 959 384 1018 τρόποις
411 957 630 1016 ἁρμόττον
657 953 803 1014 ὥσπερ
832 961 928 1014 περὶ
952 956 1082 1003 πόδα.
1141 964 1296 1004 Eadem
1327 965 1494 1004 totidem
1524 963 1659 1003 verbis

209 1036 403 1086 leguntur
432 1033 540 1085 apud
570 1032 737 1072 Suidam
779 1045 811 1072 s.
842 1045 879 1072 v.
917 1031 1017 1085 περὶ
1045 1027 1183 1082 πόδα,
1213 1035 1307 1083 ubi,
1336 1039 1381 1074 ut
1410 1034 1517 1087 apud
1550 1033 1659 1071 Pho-

210 1105 311 1143 tium
354 1108 449 1143 ante
489 1103 732 1151 Porsonum,
773 1102 987 1153 legebatur
1027 1097 1084 1148 ὥς
1128 1103 1224 1155 περὶ
1267 1098 1395 1142 πόδα.
1473 1102 1660 1142 Correxit

212 1174 431 1213 Piersonus
463 1173 513 1211 ad
543 1172 705 1213 Moerin
733 1184 775 1223 p.
805 1172 873 1211 22.
950 1173 1219 1212 Locutionem
1249 1174 1382 1225 attigit
1412 1173 1532 1212 etiam
1562 1172 1659 1210 Pol-

210 1244 277 1282 lux
297 1243 333 1281 ΙΙ
367 1242 466 1281 196:
497 1239 665 1293 λέγεται
695 1237 741 1278 δέ
770 1252 812 1278 τι
839 1240 913 1279 καὶ
943 1241 1038 1294 περὶ
1068 1237 1184 1280 πόδα
1214 1237 1443 1295 ἁρμόττον,
1467 1235 1661 1280 ἀπὸτῶν

211 1306 519 1363 ὑποδημάτων.
576 1311 650 1353 Cfr
681 1312 943 1352 casaubonus
981 1312 1032 1352 ad
1072 1312 1343 1365 Theophrast.
1385 1312 1506 1353 Char.
1537 1324 1577 1363 p.
1607 1311 1661 1350 49

213 1382 278 1423 ed.
309 1381 419 1434 Lips.

902 1494 970 1535 IV.

328 1577 484 1618 Moeris
514 1577 635 1618 Attic.
676 1576 740 1617 ed.
770 1577 897 1617 Bekk.
928 1590 969 1629 p.
1001 1577 1082 1616 188
1112 1577 1177 1616 14.
1221 1572 1515 1628 Ἀναβιιῦνε
1553 1570 1662 1614 'Av-

213 1642 348 1695 τικοί,
387 1641 444 1692 ὠς
492 1642 686 1687 Πλάτων
722 1647 904 1692 4,κεναῖς
947 1641 1219 1696 ’Λναβιῶν
1259 1643 1310 1684 ἐκ
1349 1643 1441 1694 τῆς
1482 1640 1663 1683 νόσου.

217 1711 569 1767 ἀναβιώσασθαι
597 1712 756 1757 κοινόν.
812 1716 1108 1756 Grammaticus
1139 1716 1369 1755 Marcianus
1398 1716 1505 1767 apud
1535 1715 1662 1754 Bekk.

216 1787 267 1826 ad
298 1786 499 1837 Harpocr.
529 1798 568 1837 p.
599 1785 675 1825 35:
705 1781 980 1835 Ἀναβιών
1009 1782 1105 1823 ἀντὶ
1134 1782 1213 1823 τοῦ
1241 1780 1507 1836 ἀναβιώσας.
1539 1778 1663 1825 Πλά-

216 1865 303 1893 των
332 1852 516 1900 Σκευαῖς
555 1850 823 1904 Ἀναβιών
857 1853 910 1893 ἐκ
947 1851 1038 1903 τῆς
1066 1848 1255 1904 νόσου,
1293 1853 1367 1893 καὶ
1394 1847 1665 1907 Ἀριστοφά-

217 1937 307 1974 νης.
364 1925 561 1976 Respexit
590 1925 736 1976 opinor
764 1925 868 1964 Ran.
899 1923 994 1964 177.
1024 1925 1093 1963 ubi
1123 1929 1184 1964 est
1213 1909 1448 1978 ἅναβιῴήν.
1507 1923 1664 1963 Moeris

218 1994 471 2047 improbasse
509 1994 671 2034 videtur
709 1994 904 2033 aoristum
945 1991 1205 2044 βιάσασθαι
1249 2006 1371 2034 sensu
1414 1994 1665 2034 intransitive

220 2065 479 2104 reviviscere.
509 2065 548 2113 *)
608 2063 695 2103 Nec
724 2060 885 2113 βιῶσαι
914 2063 1032 2103 valde
1061 2064 1252 2103 usitatum
1288 2063 1390 2113 fuit,
1427 2076 1506 2115 quo
1546 2076 1665 2115 prae-

222 2139 286 2174 ter
313 2132 630 2185 Xenophontem
671 2132 826 2173 Oecon.
856 2133 913 2175 {V
943 2134 996 2172 18
1034 2146 1058 2173 a
1085 2133 1332 2173 Buttmanno
1368 2133 1588 2173 indicatum
1626 2135 1668 2171 et

227 2206 393 2256 poetam
446 2216 575 2243 novae
623 2202 859 2244 comoediae
913 2203 1021 2255 apud
1061 2203 1325 2243 Plutarchum
1367 2203 1489 2242 Cous.
1532 2202 1666 2254 Apoll.

225 2287 266 2326 p.
303 2273 383 2312 11⁰
401 2285 436 2313 e.
467 2285 516 2312 ex
545 2272 676 2312 atticis
713 2273 976 2325 scriptoribus
1005 2273 1069 2312 vix
1098 2273 1308 2325 quisquam
1337 2284 1435 2312 usus
1466 2274 1548 2320 est,
1590 2271 1669 2311 nisi

227 2342 336 2382 forte
352 2344 391 2382 in
406 2342 608 2394 participii
622 2343 779 2382 casibus
794 2343 1014 2383 indirectis.
1053 2343 1184 2383 Unice
1212 2343 1336 2395 igitur
1353 2342 1538 2394 probavit
1552 2342 1671 2381 Moe-

224 2412 281 2451 ris
316 2408 466 2463 ἐβίων,
513 2425 562 2451 ex
606 2425 685 2463 quo
729 2413 970 2465 intelligitur
1007 2425 1088 2452 non
1132 2416 1245 2451 recte
1282 2411 1521 2451 Piersonum
1563 2411 1671 2462 apud

226 2481 388 2521 Moerin
418 2494 493 2533 pro
522 2476 716 2532 α’ναβιῶν
744 2481 954 2533 scripsisse
982 2475 1209 2531 ἀναβιοῦν,
1241 2485 1355 2520 recte
1384 2485 1518 2520 autem
1550 2479 1670 2519 Hud-

228 2562 374 2589 sonum
418 2550 594 2591 edidisse
639 2544 897 2601 ἀναβιῶναι.
968 2550 1095 2602 quue
1135 2551 1256 2591 etiam
1297 2550 1457 2590 Platoni
1493 2548 1669 2589 redden-

320 2694 350 2733 ’)
375 2694 463 2727 Nam
490 2695 665 2730 transitivo
690 2707 791 2729 sensu
822 2701 856 2729 in
877 2700 975 2728 vitam
997 2705 1154 2727 revocare
1179 2697 1272 2727 recte
1304 2692 1369 2726 dici
1392 2690 1669 2738 ἆναβιώσασθαι,

228 2764 272 2787 ex
296 2753 436 2787 Platone
461 2754 575 2788 docuit
599 2754 834 2788 Buttmannus.
859 2755 974 2799 Atque
998 2754 1046 2787 ita
1069 2752 1170 2787 etiam
1196 2753 1328 2787 Crates.
1358 2754 1397 2787 V.
1422 2764 1526 2797 supra
1547 2764 1579 2796 p.
1593 2752 1673 2787 240·
