1716 3158
577 166 1028 211 ARISTOPHANES.
1461 164 1547 204 939·

70 284 119 328 τὸ
153 279 330 335 διδάξαι
367 278 468 331 τοὺς
502 277 686 328 Ἱππέας
724 279 849 332 λέγει.
912 281 1003 333 [psa
1034 278 1232 319 orationis
1264 276 1541 318 conformatio

65 358 162 398 satis
193 369 400 409 superque
433 357 575 404 docet,
611 355 726 394 hune
755 353 1068 404 grammaticum
1102 350 1214 389 nullo
1241 354 1411 389 auctore
1440 349 1546 389 haec

66 429 303 480 scripsisse,
334 428 409 467 sed
439 441 487 466 ex
521 427 601 466 hoc
630 424 722 464 solo
755 423 849 462 loco
881 422 1161 461 coniecturam
1192 420 1368 460 fecisse:
1406 421 1547 473 itaque

67 499 194 540 etiam
233 499 381 537 inscite
422 498 729 543 Callistratum,
778 507 859 533 non
890 491 1215 544 Aristophanem
1254 505 1276 530 a
1308 492 1466 531 Cleone
1504 491 1547 531 in

67 571 131 610 ius
172 574 362 609 vocatum
406 582 497 609 esse
538 570 704 607 censet:
749 564 823 604 sed
870 564 922 603 de
968 563 1049 602 hoc
1093 574 1239 602 errore
1286 563 1441 603 dictum
1485 568 1549 602 est

69 642 150 680 iam
183 652 322 692 supra.

184 709 290 750 lllud
321 720 419 748 vero
437 706 713 747 adiiciendum
738 708 815 754 est,
834 703 1156 757 Aristophanem
1189 704 1313 743 etiam
1345 716 1438 743 cum
1463 704 1548 756 pri-

7 798 8 801 *
71 793 182 822 mum
213 779 419 828 fabulam,
459 779 748 827 boemienses,
789 776 1023 828 scripsisset
1054 781 1095 814 et
1126 775 1362 815 Callistrato
1395 775 1550 815 docen-

73 852 165 892 dam
196 849 446 898 tradidisset,
477 860 561 889 non
588 850 712 902 plane
741 849 783 888 in
809 848 984 888 obscuro
1012 846 1240 895 delituisse,
1270 845 1346 886 sed
1377 850 1419 886 et
1449 845 1551 886 ami-

0 947 3 983 Γ
74 924 132 963 cis
161 921 514 972 familiaribusque
542 920 772 960 innotuisse
817 924 859 958 et
888 917 1068 958 fortasse
1099 918 1337 958 Callistrato
1367 916 1552 958 adfuisse

0 1020 2 1065 ζ
69 993 114 1033 in
143 992 272 1032 choro
304 990 516 1031 docendo:
548 992 689 1043 itaque
717 990 761 1031 in
791 989 1128 1031 Acharnensibus
1159 1002 1196 1029 v.
1229 988 1340 1029 1150
1369 990 1553 1042 graviter

0 1070 2 1077 ’
69 1063 338 1115 conqueritur
368 1063 420 1102 de
450 1062 697 1104 Antimacho
735 1061 943 1115 chorego,
981 1060 1052 1114 qui
1081 1062 1217 1113 ipsum
1249 1061 1307 1101 ab
1331 1061 1555 1114 epularum

0 1122 1 1179 J
71 1134 322 1174 solennitate
348 1134 653 1187 segregaveritz

123 1199 402 1257 Ἀντίμαχον
448 1202 525 1244 τὸν
578 1199 786 1250 Ψακάδος
833 1199 911 1242 τὸν
956 1199 1210 1256 ξυγγραφῆ,
1256 1198 1335 1241 τὸν
1387 1198 1554 1254 μελέων

862 1284 1065 1323 ποιητην,

127 1340 186 1392 ῶς
211 1343 293 1398 μὲν
321 1339 447 1400 ἁπλῷ
476 1338 590 1400 λόγῳ
619 1341 760 1392 κακῶς
789 1341 1025 1395 ἐξολέσόιεν
1054 1339 1078 1384 ὁ
1110 1338 1239 1394 2³53„

127 1408 177 1464 ὅς
205 1411 251 1469 y'
282 1414 359 1470 ἐμὲ
386 1413 467 1456 τὸν
495 1412 698 1470 τλήμονα
727 1411 908 1466 Λήναια
940 1413 1143 1471 χορηγῶν
1178 1411 1403 1456 ἀπέκλεισ’
1434 1412 1555 1457 ἄδει-

862 1498 990 1529 πνον.

75 1562 117 1598 et
145 1558 206 1598 sic
235 1558 433 1612 deinceps
464 1572 612 1612 magna
653 1570 747 1599 cum
791 1560 1025 1600 acerbitate
1062 1560 1182 1601 illum
1223 1559 1323 1600 diris
1355 1557 1553 1601 devovet:

73 1629 264 1681 profecto
294 1634 433 1670 autem
464 1643 546 1670 non
578 1630 782 1683 potuisset
812 1630 894 1670 hoc
926 1632 964 1671 ei
996 1633 1222 1685 opprobrio
1253 1636 1443 1680 vertere,
1474 1632 1553 1672 nisi

77 1699 151 1740 ille
191 1706 332 1740 nosset
363 1701 683 1753 Aristophanem
724 1702 966 1743 comoediae
997 1717 1091 1743 esse
1124 1709 1352 1745 auctorem.
1421 1705 1555 1744 Recte

79 1776 215 1811 autem
246 1771 502 1811 Fritzschius
542 1772 584 1811 in
625 1772 860 1813 Comment.
893 1775 946 1814 de
977 1775 1138 1815 Daetal.
1167 1789 1209 1828 p.
1241 1775 1267 1813 9
1308 1774 1410 1814 vidit
1449 1775 1556 1816 haec

84 1843 135 1882 ad
167 1842 435 1882 Daetalcnses
465 1841 687 1883 referenda
716 1857 823 1884 esse.

193 1914 338 1966 ltaque
368 1918 413 1954 ut
436 1914 549 1953 brevi
572 1915 936 1968 comprehendam,
968 1916 1119 1969 longae
1141 1915 1429 1970 disputationis
1450 1916 1557 1957 haec

77 1997 237 2026 summa
255 1990 332 2035 est,
351 1985 669 2037 Aristophanem
687 2000 786 2039 prae
807 1987 978 2027 iuvenili
1007 1988 1256 2028 verecundia
1272 1990 1558 2041 cumprimum

78 2056 282 2097 scriberet
334 2056 590 2106 comoedias,
643 2070 714 2097 eas
757 2058 995 2098 Callistrato
1051 2059 1430 2110 commendavisse,
1480 2060 1557 2100 sed

83 2132 228 2180 postea
267 2139 455 2179 quoque,
493 2140 589 2167 cum
625 2127 706 2168 iam
743 2129 837 2181 ipse
874 2128 1044 2170 fabulae
1081 2129 1295 2170 docendae
1325 2131 1559 2182 periculum

82 2198 274 2246 fecisset,
317 2198 488 2237 eandem
519 2198 742 2240 retinuisse
771 2201 1114 2241 consuetudinem
1146 2206 1188 2239 et
1219 2202 1464 2253 plerumque
1493 2203 1561 2242 vel

83 2268 304 2308 Callistrati
335 2269 400 2307 vel
417 2269 648 2309 Phnonuns
678 2271 880 2310 industria
909 2283 1028 2311 nsum
1060 2285 1176 2319 esse;
1178 2278 1431 2323 utrumque
1460 2286 1561 2325 poe-

83 2342 181 2386 tam,
211 2350 293 2376 non
322 2337 567 2378 histrionem
599 2340 751 2390 fuisse3
790 2353 843 2380 ne
872 2342 1008 2392 ipsum
1041 2342 1206 2392 quidem
1239 2334 1560 2395 Aristophanem

85 2411 132 2450 in
158 2408 379 2460 Equitibus
411 2408 578 2449 Cleonis
607 2414 745 2462 partes
775 2412 1028 2464 suscepisse3
1059 2412 1348 2464 Aristophanis
1378 2415 1561 2466 laudem,

86 2482 271 2533 quamvis
296 2481 371 2520 sub
402 2480 535 2520 alieno
566 2483 732 2523 nomine
764 2484 1104 2533 delitescentem,
1143 2485 1225 2524 cito
1267 2488 1458 2527 omnibus
1497 2488 1560 2527 in-

87 2553 296 2600 notuisse,
340 2552 484 2603 itaque
522 2552 657 2603 hunc,
701 2567 783 2594 non
823 2555 1130 2604 Callistratum,
1171 2561 1235 2596 ter
1273 2563 1352 2597 aut
1381 2559 1440 2598 ab
1468 2559 1559 2611 ipso

90 2624 248 2664 Cleone
289 2627 360 2661 aut
401 2623 452 2662 ab
490 2624 570 2664 alio
601 2638 708 2677 quo,
745 2638 871 2677 quem
906 2625 981 2666 ille
1009 2627 1336 2679 subornaverat&
1369 2630 1413 2672 in
1451 2629 1560 2671 iudis-

91 2694 198 2736 cium
230 2701 417 2735 vocatum
450 2708 553 2736 essc.
617 2697 769 2738 Verum
801 2697 904 2738 haec
933 2697 1148 2740 hactenus-
