1716 3158
177 162 260 211 928
675 165 1113 211 ARISTOPHANES.

176 281 290 321 euius
339 275 560 317 testimonii
603 277 870 326 anctoritate,
922 278 1235 330 Aristophanem
1291 282 1507 334 aliquando
1553 286 1623 322 aut

175 351 295 390 etiam
325 346 486 397 saepius
515 346 724 386 histrionis
755 351 893 399 partes
929 348 1182 399 suscepisse,
1221 362 1461 402 quamquam
1501 353 1622 404 vulgo

176 418 404 458 existimant
431 416 564 467 ipsum
593 420 757 467 poetam
787 417 952 456 Cleonis
980 420 1118 468 partes
1149 418 1283 468 egisse
1320 421 1361 459 in
1392 422 1622 472 EquitibuS.

173 486 465 537 Aristophanes
504 486 666 537 quidem
702 486 744 524 in
774 486 968 536 Equitum
1007 486 1192 537 parabasi
1229 486 1331 525 nihil
1366 489 1475 528 aliud
1512 491 1623 539 dicit,

173 568 294 607 quam
333 567 378 593 se
409 566 515 593 nuno
545 554 708 593 demum
738 567 760 594 a
788 559 981 606 praetore
1011 555 1181 595 chorum
1211 556 1403 607 petiisse,
1442 562 1482 596 et
1512 560 1619 609 quod

171 626 213 666 in
244 624 392 675 Vespis
421 624 572 675 iegitur
602 637 639 663 v.
671 624 804 663 1021:

231 690 359 733 Μετὰ
390 690 518 731 τοῦτο
548 690 593 730 δὲ
621 691 693 731 καὶ
717 689 912 746 φανερῶς
939 686 1024 740 ἤδη
1056 687 1316 731 κινδυνεύων
1343 690 1626 733 καθ”ἑαυτὸν
1682 713 1689 742 3

229 760 305 803 οὐκ
347 757 606 814 ἀλλοτρίων,
658 755 754 799 ἀλλ’
802 755 968 799 οἰκείων
1014 759 1214 801 Μουσῶν
1257 758 1461 816 στόμαθ’
1506 758 1626 811 ἡνιο-

938 825 1093 882 κύσας,

171 901 273 943 nihil
309 901 418 941 aliud
456 900 678 952 signifieat,
717 911 837 950 quam
875 905 1063 950 poetam,
1099 913 1190 940 eum
1227 901 1399 952 Equites
1444 902 1624 952 doceret,

172 973 349 1024 primum
388 970 553 1009 fabulae
593 969 801 1008 docendae
839 969 1065 1019 perieulum
1103 969 1265 1009 fecisse.
1333 972 1488 1010 Auctor
1525 985 1623 1011 sane

171 1041 279 1080 vitae
295 1040 503 1092 p.XXXV
525 1039 623 1077 dicit
636 1038 952 1089 Aristophanem
981 1039 1190 1079 histrionis
1207 1044 1343 1091 partes
1370 1042 1622 1092 suscepisse:

173 1104 471 1162 Διεχθρεύσας
502 1105 547 1146 δὲ
575 1101 769 1159 μάλιστα
789 1105 955 1145 Κλέωνι
987 1106 1044 1162 τῷ
1074 1105 1315 1162 δημαγωγῷ
1344 1108 1418 1146 καὶ
1447 1105 1623 1161 γράψας

170 1173 271 1219 κατ’
305 1174 440 1216 αὐτοῦ
470 1172 568 1223 τους
600 1171 802 1223 Ἱππέας,
845 1173 890 1214 ἐν
920 1167 985 1223 οἷς
1015 1174 1218 1228 διελέγχει
1256 1171 1393 1215 αὐτοῦ
1421 1174 1497 1224 τὰς
1523 1176 1626 1217 κλο-

170 1244 256 1295 πάς
284 1246 358 1286 καὶ
387 1242 436 1285 τὸ
466 1240 748 1320 τυραννικόν,
777 1242 951 1292 οὐδενὸς
980 1243 1025 1284 δὲ
1056 1244 1143 1284 τῶν
1172 1243 1436 1285 σκευοποιῶν
1462 1243 1624 1300 τολμή-
1676 1208 1699 1278 ἓ

171 1329 331 1385 σαντος
367 1312 417 1354 τὸ
459 1310 694 1369 πρόσωπον
734 1310 870 1353 αὐτοῦ
910 1310 1118 1354 σκευάσαι
1159 1311 1228 1354 δι’
1260 1311 1505 1368 ὑπερβολην
1541 1311 1624 1371 qod-

170 1387 266 1441 βου,
298 1379 372 1425 ἅτε
403 1380 456 1433 δὴ
488 1381 744 1438 τυραννικοῦ
777 1379 916 1432 ὄντος,
946 1383 1055 1435 μηδὲ
1083 1381 1171 1436 μὴν
1201 1380 1531 1438 ὑποκρίνασθαί
1558 1400 1624 1427 τι-
1686 1405 1688 1408 ’

169 1470 244 1504 νος
273 1452 540 1507 τολμῶντος,
576 1442 648 1491 δι’
677 1449 832 1491 ἑαυτοῦ
867 1449 1194 1507 ’Λριστοφάνης
1223 1450 1500 1507 ὑπεκρίνατο,
1539 1452 1622 1496 αὑ-

169 1524 249 1567 τοῦ
279 1522 328 1565 τὸ
347 1519 582 1578 πρόσωπον
610 1518 747 1576 μίλτω
771 1518 939 1575 χρίσας,
967 1522 1040 1561 καὶ
1072 1521 1209 1570 αἴτιος
1238 1519 1353 1562 αὐτῶ
1380 1523 1524 1576 γέγονε
1554 1525 1626 1576 ζη-

168 1593 274 1650 μίας
303 1593 428 1634 πέντε
459 1588 697 1631 ταλάντων.
765 1592 921 1631 Eadem
959 1592 1049 1632 fere
1083 1594 1277 1645 leguntur
1313 1594 1356 1633 in
1394 1608 1549 1647 argum.
1582 1597 1623 1637 11

168 1666 391 1718 Equitum:
441 1657 516 1717 ἐφ’
557 1651 622 1707 οἷς
660 1655 723 1713 μὴ
760 1657 940 1711 ἐνεγκῶν
983 1656 1312 1715 Ἀριστοφάνης
1347 1660 1538 1713 καθίησι
1572 1662 1623 1705 τὸ

168 1733 256 1775 τῶν
288 1729 478 1773 Ἱππέων
506 1727 652 1807 δρᾶμα
683 1725 752 1768 δι’
787 1726 963 1780 ἑαυτοῦ,
1001 1729 1093 1770 ἐπεὶ
1133 1729 1220 1770 τῶν
1261 1732 1524 1774 σκευοποιῶν
1552 1730 1625 1774 οὗ-

170 1804 259 1851 δεὶς
295 1797 515 1842 ἐπλάσατο
553 1797 602 1838 τὸ
643 1796 719 1839 τοῦ
748 1797 947 1847 Κλέωνος
977 1797 1211 1854 πρόσωπον
1248 1797 1322 1840 διὰ
1350 1798 1512 1855 φόβον·
1551 1804 1628 1844 καὶ

168 1870 224 1915 τὰ
261 1874 340 1926 μὲν
376 1868 526 1925 πρῶτα
563 1865 713 1908 κὺπτει
750 1865 1045 1923 φοβοίμενος,
1085 1867 1179 1909 εἰτα
1218 1871 1457 1924 προφανεὶς
1495 1869 1625 1920 αὐτὸς

169 1939 394 1991 ἆνεδίδαξε
439 1936 488 1978 τὸ
528 1936 689 1991 δρᾶμα.
765 1940 811 1978 In
846 1940 910 1978 his
950 1952 1073 1979 unum
1110 1941 1262 1992 aliquid
1303 1954 1443 1980 verum
1482 1946 1544 1981 est
1582 1948 1625 1982 et

168 2014 296 2066 ipsius
327 2009 608 2060 Aristophanis
639 2008 880 2048 auctoritate
910 2010 1218 2058 confirmatum,
1258 2023 1306 2049 ex
1344 2023 1424 2062 quo
1465 2013 1623 2065 reliqua

168 2089 326 2124 temere
370 2082 465 2118 sunt
506 2079 700 2117 conficta:
744 2090 918 2128 namque
960 2076 1049 2129 ipse
1087 2084 1208 2131 poeta
1246 2078 1348 2118 fecit
1389 2081 1429 2120 in
1462 2083 1617 2133 Equitt.

168 2167 207 2193 ν.
236 2151 320 2192 225
350 2153 568 2199 antequam
599 2147 807 2199 Paphlago
838 2159 979 2186 servus
1007 2147 1048 2187 h.
1072 2160 1108 2187 e.
1135 2149 1241 2188 -Cleo
1269 2149 1311 2188 in
1341 2162 1502 2191 scenam
1525 2164 1622 2204 pro-

169 2220 242 2269 dit,
272 2218 593 2260 Demosthenem
622 2216 725 2256 haec
755 2217 984 2255 dicentem:

382 2280 514 2325 Ἀλλ’
545 2279 660 2324 εἰσὶν
689 2283 825 2333 ἱππῆς
854 2280 1006 2337 ἄνδρες
1035 2279 1207 2336 ἀγαθοὶ
1231 2280 1365 2337 χίλιοι

387 2353 614 2409 μισοῦντες
643 2350 793 2404 αὐτόν,
824 2349 871 2393 οἵ
897 2350 1181 2406 βοηθήσουσί
1210 2366 1293 2403 σοι,

386 2423 461 2464 καὶ
491 2422 576 2463 τῶν
607 2421 795 2466 πολιτῶν
824 2423 867 2465 οἱ
894 2420 1020 2463 καλοί
1050 2436 1091 2462 τε
1121 2419 1316 2474 κάγαθοὶ

390 2494 465 2534 καὶ
493 2492 580 2534 τῶν
606 2491 784 2533 θεατῶν
813 2486 932 2539 ὅστις
959 2491 1052 2532 ἐστὶ
1082 2489 1220 2542 δεξιὸς

390 2560 503 2616 κάγώ
535 2559 634 2616 μετ’
667 2559 806 2603 αὐτοῦ
827 2558 888 2616 χῶ
923 2558 1030 2609 θεὸς
1057 2558 1334 2612 ξυλλήψεται.

389 2633 463 2671 καὶ
490 2630 552 2685 μή
581 2627 735 2672 δέδιθ’
753 2645 764 2656 ·
794 2627 846 2672 οὐ
871 2626 953 2684 γάρ
982 2629 1100 2670 ἐστιν
1128 2626 1427 2685 ἐξῃκασμένος.

389 2698 473 2742 ὑπὸ
504 2700 583 2741 τοῦ
612 2700 734 2749 δέους
762 2699 844 2756 γὰρ
872 2695 1010 2740 αὐτὸν
1037 2696 1182 2746 οὐδεὶς
1211 2694 1345 2747 ἤθελε

1706 1629 1710 1692 ,ῑ

1708 1751 1713 1826 {-
