1716 3164
211 188 318 229 1⁰66
722 185 1130 228 ARISTOPHANIS

209 299 335 340 Pacis
364 298 664 347 recensionem,
695 309 813 349 quam
844 297 1117 336 coniecturam
1149 309 1226 336 non
1258 298 1453 338 debebam
1483 301 1656 352 probare

208 369 249 408 in
281 368 506 407 Comment.
539 381 578 419 p.
609 368 703 407 323.
775 366 934 405 induxit
963 365 1087 416 igitur
1117 370 1237 417 poeto
1267 368 1510 420 Georgium,
1541 370 1654 421 quasi

208 437 488 489 praenuntiam
520 437 650 485 Pacis,
679 449 782 488 quae
812 447 902 474 cum
933 435 1063 485 probo
1093 435 1229 486 aliquo
1261 437 1394 476 Attico
1425 439 1537 487 cive,
1567 438 1654 478 for-

207 509 316 544 tasse
346 505 489 545 eodem
519 506 590 544 illo
608 505 797 557 Trygaeo
828 503 1087 554 colloquitur,
1116 504 1202 543 sive
1233 505 1353 544 etiam
1383 517 1473 545 cum
1503 508 1652 547 choro:

127 602 133 607 -
208 575 284 614 nisi
313 574 422 613 sorte
453 575 725 622 statuendum,
756 574 891 625 priora
922 584 1012 611 esse
1042 572 1231 624 Trygaei,
1262 578 1346 612 tum
1377 574 1471 612 inde
1499 588 1523 614 a
1551 589 1607 616 vs.
1626 577 1653 615 4

206 645 332 684 verba
362 643 499 682 facere
530 644 726 690 chorum,
764 642 870 693 quod
903 640 965 679 vel
997 647 1164 693 propter
1193 655 1453 681 numerorum
1483 645 1654 683 vau-ieta»-

207 716 291 751 tem
321 712 471 762 aliquid
502 713 626 750 habet
654 710 960 762 probabilitatis.
1034 710 1078 748 In
1117 711 1333 762 superstite
1374 717 1486 751 certe
1515 713 1653 753 fabula

207 793 243 821 v.
272 780 354 820 556
393 786 434 819 et
471 781 553 820 557
592 781 717 819 iidem
754 780 823 817 ille
863 780 1087 817 tetrametri
1135 793 1156 817 a
1195 780 1321 819 choro
1364 781 1572 830 dicuntur,
1612 786 1653 821 et

204 849 378 889 fortasse
415 850 536 889 etlam
575 850 869 899 subsequentes
899 860 1039 887 versus
1076 849 1116 888 in
1148 853 1329 888 correcta
1364 848 1502 889 fabula
1539 852 1651 903 lege-
1714 853 1716 896 ξ

206 918 374 958 bantur:

345 980 433 1031 Τάς
462 997 504 1022 τε
533 982 677 1032 συκᾶς,
708 978 758 1030 ἃς
789 980 866 1034 ἐγώ
894 978 1100 1036 ”φύτευον
1128 978 1189 1023 ὢν
1219 980 1429 1037 νεώτερος,

341 1048 640 1094 ἀσπάσασθαι
668 1049 817 1105 θυμὸς
846 1048 950 1104 ἡμῖν
979 1051 1071 1094 ἐστι
1099 1051 1324 1109 πολλοστῷ
1348 1050 1501 1109 χρόνῳ.

889 1201 963 1240 111.

929 1279 1018 1331 Τὴν
1049 1279 1098 1320 δ’
1128 1279 1296 1323 ἀσπίδα

450 1363 654 1419 ἐπίθημα
681 1365 740 1422 τῷ
769 1364 924 1421 φρέατι
953 1363 1153 1419 παράθες
1182 1361 1359 1413 εὐθέως.

244 1496 249 1501 ’
307 1478 453 1518 Pollux
483 1478 520 1518 X
553 1478 654 1517 188:
694 1472 829 1530 φαίης
864 1472 914 1514 δ’
948 1470 1002 1515 ἂν
1031 1474 1101 1515 ἐπὶ
1138 1474 1217 1515 τοῦ
1246 1475 1380 1516 αὐτοῦ
1413 1474 1486 1514 καὶ
1516 1472 1645 1527 πῶμα

198 1545 272 1587 καὶ
302 1542 519 1597 ἐπίθημα,
551 1537 645 1583 οἷον
673 1542 816 1585 πίθου
846 1539 873 1594 ἢ
904 1543 1083 1597 λέβητος
1111 1540 1139 1595 ἢ
1168 1544 1397 1599 φαρέτρας.
1438 1540 1519 1583 Ἐν
1540 1542 1646 1596 γοῦν

162 1631 167 1635 ·
198 1613 252 1672 τῇ
276 1610 629 1668 Ἀριστοφάνους
658 1609 823 1670 Εἰρήνῃ
851 1613 1112 1668 γέγραπται·
1157 1612 1266 1663 Τὴν
1286 1613 1330 1653 δὲ
1359 1610 1527 1654 ἀσπίδα
1555 1613 1644 1655 κτλ.

200 1686 302 1727 eod.
335 1685 539 1737 Iungerm.
569 1680 651 1732 τὴν
675 1683 779 1735 γοῦν
809 1680 991 1724 ἀσπίδα.
1040 1687 1207 1737 Quaerit
1237 1686 1393 1736 aliquis,
1423 1685 1517 1736 quid
1547 1697 1646 1736 pace

197 1755 384 1795 restituta
421 1754 542 1792 armis
580 1755 632 1793 sit
675 1754 928 1803 faciendum,
977 1755 1041 1794 cui
1090 1755 1193 1794 alter
1237 1755 1410 1806 regerit,
1457 1755 1643 1806 clypeum

199 1823 438 1876 operculum
468 1822 559 1862 fore
589 1823 684 1862 satis
721 1829 858 1876 aptum
890 1825 1111 1873 cisternae3
1156 1824 1494 1875 quemadmodum
1534 1824 1641 1862 enim

197 1894 239 1932 in
268 1892 489 1944 superstite
519 1893 730 1932 comoedia
759 1894 960 1942 artifices,
992 1893 1060 1944 qui
1088 1906 1197 1933 arma
1228 1893 1468 1941 conficiunt,
1497 1892 1642 1932 irritati
1707 1893 1713 1935 '2

198 1962 435 2013 Trygaeum
465 1961 672 2009 incusant,
703 1961 781 2023 vid.
814 1975 850 2002 v.
881 1962 990 2000 1210
1021 1974 1107 2012 sqq.
1138 1964 1196 2001 sic
1224 1964 1396 2002 similem
1426 1962 1641 2014 imaginem
1710 1948 1712 1966 ἶ

198 2030 318 2070 etiam
350 2029 390 2068 in
420 2030 548 2078 altera
578 2030 684 2070 Pace
713 2035 836 2082 poeta
864 2033 1025 2073 videtur
1055 2032 1296 2073 exhibuisse.

890 2180 960 2221 IV.

363 2256 443 2309 Μή
471 2273 549 2313 μοι
574 2256 853 2310 Ἀθηναίους
882 2255 1051 2310 αἰνεῖτ’,
1080 2256 1108 2311 ἢ
1135 2259 1289 2316 μολγοὶ
1319 2257 1506 2302 ἔσονται.

308 2371 507 2412 PolluxX
526 2373 632 2413 1872
669 2367 805 2428 Οὐδὲν
831 2369 983 2413 κωλύει
1009 2371 1083 2412 καὶ
1110 2368 1274 2426 μολγὸν
1301 2364 1446 2422 εἰπεῖν,
1477 2364 1524 2418 ὅς
1551 2368 1643 2411 ἐστι

193 2437 305 2481 κατὰ
331 2439 412 2488 τὴν
439 2438 524 2480 τῶν
559 2437 839 2493 Ταραντίνων
876 2440 1072 2494 γλῶτταν
1107 2436 1247 2493 βόειος
1283 2436 1437 2487 ἀσκός·
1476 2466 1530 2476 --
1567 2439 1642 2479 καὶ

193 2504 516 2563 Ἀριστοφάνης
545 2507 589 2549 δὲ
612 2506 811 2563 χρησμόν
841 2523 938 2550 τινα
969 2508 1129 2559 παίζει·
1158 2506 1236 2559 Μή
1261 2523 1338 2562 μοι
1366 2506 1641 2557 Ἀθηναίους

193 2571 350 2617 αἰνεῖτε
386 2577 429 2617 οἱ
465 2577 620 2631 μολγοὶ
657 2574 845 2621 ἔσονται.
904 2582 1018 2633 quodv
1063 2582 1235 2620 correxi.
1294 2579 1497 2620 Referunt
1534 2580 1642 2621 huno
1703 2600 1706 2619 ;

192 2659 355 2714 versum
385 2649 506 2700 vulgo
537 2649 588 2689 ad
627 2651 851 2703 AgricolaS‚
880 2650 922 2690 in
951 2662 1030 2701 qua
1057 2649 1196 2690 fabula
1223 2662 1303 2690 non
1333 2650 1484 2688 lectum
1513 2648 1642 2689 fuisse
1699 2660 1700 2663 ’

193 2717 353 2758 ostendi
382 2717 432 2758 ad
461 2718 622 2772 Fragm.
656 2719 726 2761 lx.
761 2724 802 2760 nt
838 2731 886 2760 ex
925 2719 1030 2760 Pace
1054 2720 1226 2772 petitum
1264 2730 1359 2760 esse
1396 2717 1528 2770 arguit
1555 2718 1642 2759 Eu-
1696 2763 1697 2767 ,
