1716 3158
211 213 296 255 9⁰2
711 212 1145 256 ARISTOPHANSS.

213 328 283 378 pat
317 323 367 363 ab
397 335 445 362 ea
472 321 653 371 ratione,
682 334 800 374 quam
831 323 1080 376 grammatici
1118 328 1277 367 veteres
1313 326 1476 366 ineunt:
1515 329 1650 366 tamen

214 396 527 433 consentaneum
568 396 630 430 est
660 398 819 431 veteres
847 393 1008 432 criticos
1046 404 1116 431 eas
1145 396 1298 432 tantum
1335 395 1492 435 fabulas
1529 395 1651 434 intel-

214 461 385 508 lexisse,
420 472 524 510 quae
551 461 650 512 ipsis
681 466 794 501 erant
823 463 862 501 in
894 462 1098 509 manibus,
1139 462 1245 512 quod
1284 463 1348 502 vel
1376 464 1508 514 arguit
1535 464 1651 512 illud,

216 529 324 580 quod
362 541 507 579 magno
549 542 748 569 consensu
785 536 976 581 quattuor
1015 531 1244 570 comoedias
1285 532 1544 581 Aristophani
1581 533 1653 571 ab·

214 598 494 638 iudicaverunt
525 599 644 638 etad
689 599 939 651 Archippum
979 600 1225 639 rettulerunt
1256 598 1319 650 ‘):
1364 611 1536 650 namque
1573 600 1653 640 hoc

216 680 317 707 sane
357 666 479 706 facile
519 667 738 706 concedam
778 669 873 708 alias
913 672 1126 720 praeterea
1165 667 1320 706 fabulas
1354 667 1528 707 fortasse
1556 680 1655 719 poe-

214 740 295 775 tam
334 736 624 787 composuisse,
655 749 821 788 quarum
853 737 1046 777 memoria
1082 738 1122 776 in
1166 736 1472 776 didascaliarum
1513 748 1656 776 monu-

213 805 360 844 mentis
400 809 486 843 erat
523 810 704 844 servata:
751 811 790 844 at
828 806 860 844 si
898 806 977 844 hoc
1012 805 1215 854 concedis,
1253 806 1414 845 criticos
1451 806 1545 844 illos
1587 818 1655 845 eas

214 877 370 913 tantum
411 873 592 922 fabulas,
632 886 735 925 quae
759 874 962 914 communi
992 886 1065 914 usu
1102 875 1357 931 terebantur,
1392 875 1656 924 recensuisse,

214 943 405 982 continuo
436 941 597 981 fabulae
626 948 709 983 tres
738 944 819 992 illi,
860 956 978 995 quam
1008 943 1183 991 institui,
1219 943 1448 984 recensioni
1478 944 1655 983 eximen-

214 1010 290 1050 dae
335 1015 449 1059 sunt,
506 1004 714 1062 Εἰρήνη
771 1009 1016 1065 δευτέρα,
1073 1009 1324 1064 Νεφέλαι
1372 1007 1656 1065 πρότεραι,

214 1076 462 1124 Πλοῦτος
501 1074 786 1133 πρότερος,
816 1094 918 1131 quae
948 1081 1205 1129 comoediae,
1246 1085 1292 1120 ut
1320 1092 1394 1120 suo
1425 1082 1515 1121 loco
1547 1082 1656 1120 dice-

214 1152 294 1197 tur,
325 1149 400 1187 nisi
421 1148 670 1200 paucissimis
696 1150 966 1201 grammaticis
996 1150 1104 1189 visae
1134 1162 1213 1189 non
1243 1152 1348 1198 sunt,
1378 1150 1515 1201 itaque
1535 1150 1656 1201 vulgo

213 1230 294 1257 non
339 1220 529 1268 poterant
575 1218 614 1258 in
654 1230 820 1257 censum
868 1219 1026 1258 venire:
1072 1231 1196 1269 quare
1239 1218 1426 1269 equidem
1474 1218 1658 1257 existimo

213 1289 375 1324 veteres
417 1287 702 1336 grammaticos
741 1288 1005 1339 quadraginta
1050 1290 1206 1326 tantum
1245 1286 1476 1326 comoedias
1517 1298 1658 1325 nume-

214 1367 321 1403 rare,
352 1358 393 1394 et
422 1354 472 1394 ad
505 1367 592 1394 eam
621 1348 820 1396 rationem
846 1357 1006 1408 corrigo
1037 1370 1101 1407 ap.
1132 1357 1249 1395 Auct.
1271 1356 1338 1395 vit.
1354 1369 1393 1408 p.
1412 1355 1549 1396 xvlu
1580 1356 1657 1396 10:

209 1418 411 1476 ’Ἔγραψε
457 1419 502 1461 δὲ
546 1419 748 1475 δράματα
786 1420 845 1477 μ’,
888 1415 951 1463 ὦν
998 1421 1262 1475 ἀντιλέγεται
1299 1419 1349 1473 δ’,
1394 1424 1491 1464 inde
1526 1437 1657 1477 prono

217 1505 358 1533 errore
386 1492 582 1544 scriptum
610 1488 695 1545 μδ’,
726 1498 767 1532 et
795 1499 840 1534 ut
870 1508 983 1534 error
1011 1507 1192 1534 errorem
1222 1507 1368 1546 parere
1396 1494 1516 1543 solet,
1545 1494 1659 1535 aliae

219 1563 413 1615 deinceps
444 1561 654 1614 profectae
683 1565 778 1601 sunt
808 1564 1076 1615 corruptelae.

328 1634 578 1683 Quamquam
594 1636 728 1671 autem
745 1644 791 1670 ea
807 1632 971 1683 quaeat}
987 1631 1268 1683 Aristophanis
1282 1630 1422 1683 poesin
1440 1630 1659 1682 pertinent,

219 1699 364 1739 ordine
383 1704 632 1751 pertractare
650 1700 729 1739 hoc
759 1701 849 1740 loco
869 1702 976 1749 nolo,
994 1714 1085 1741 nam
1103 1700 1327 1753 longiorem
1347 1700 1661 1751 disputationem

217 1769 453 1820 requirunt,
494 1781 612 1820 quam
643 1782 746 1821 quae
776 1770 872 1809 huic
902 1771 1111 1810 conveniat
1142 1769 1374 1821 proposito,
1414 1781 1493 1808 non
1525 1773 1659 1808 tamen

219 1850 384 1890 possum
420 1850 539 1877 unam
577 1838 749 1889 aliquam
779 1840 1078 1890 quaestionem,
1119 1838 1242 1877 taedii
1278 1838 1387 1877 illam
1419 1837 1582 1888 quidem
1621 1842 1663 1877 et

218 1908 368 1947 laboris
406 1909 585 1960 plenam,
625 1920 728 1959 quae
769 1913 831 1947 est
870 1910 920 1947 de
955 1909 1184 1948 Callistrato
1227 1910 1268 1945 et
1294 1905 1530 1954 Philonide,
1570 1906 1661 1945 Ari-

219 1978 453 2028 stophanis,
492 1982 536 2016 ut
573 1978 808 2029 opinantur,
847 1978 1071 2024 actoribus,
1111 1988 1278 2028 prorsus
1323 1975 1661 2027 praetermittere.

220 2045 493 2085 Difficillimus
529 2052 664 2085 autem
703 2047 771 2085 hic
810 2051 872 2086 est
915 2046 1053 2094 locus,
1087 2045 1276 2096 quoniam
1315 2044 1389 2083 viri
1428 2044 1664 2093 doctissimi,

223 2115 415 2163 Rankius,
446 2115 616 2154 Carolus
639 2115 898 2154 Friedericus
929 2116 1201 2162 Hermannus,
1233 2113 1496 2162 Fritzschius,
1525 2113 1665 2152 Hauo-

223 2184 335 2233 vius,
371 2183 479 2223 Guil.
520 2183 776 2233 Dindorfius‚
817 2184 1051 2234 Droysenus
1087 2183 1229 2222 sedula
1269 2195 1393 2235 opera
1432 2184 1483 2222 de
1513 2183 1590 2223 hac
1618 2195 1664 2222 re

313 2325 343 2365 ·)
377 2325 562 2359 Praeterea
594 2325 681 2359 aliae
705 2337 839 2371 quoqne
864 2327 1061 2361 comoediae
1090 2326 1242 2369 fuerunt,
1267 2337 1349 2370 quas
1373 2324 1526 2360 nonnulli
1549 2335 1666 2367 gram-

225 2383 337 2417 matini
359 2384 575 2428 Aristophani
598 2385 824 2427 vindicabant,
849 2390 886 2419 nt
908 2383 1045 2427 Πόλεις,
1069 2395 1157 2429 quae
1174 2384 1256 2418 alias
1282 2385 1437 2429 Philyllio
1460 2384 1664 2426 tribuuntur,

225 2444 290 2477 vid.
314 2443 438 2477 Athen.
465 2445 506 2477 ΠΙ
531 2456 561 2488 p.
575 2445 620 2479 86
644 2446 691 2478 E:
722 2445 901 2482 Φιλύλλιος
925 2443 964 2478 δ’
990 2441 1011 2487 ἦ
1035 2441 1184 2483 Εὔνικος
1207 2441 1509 2488 ἢ”Αριστοφάνης
1533 2447 1568 2478 ἐν
1587 2440 1664 2478 Πό-

227 2504 308 2537 λεσι.
337 2503 429 2536 Idem
443 2503 662 2548 IVpJ-wA:
683 2502 944 2549 Ἀριστοφάνης
967 2503 990 2546 ἢ
1015 2503 1197 2542 Φιλύλλιος
1221 2506 1256 2538 ἰν
1279 2508 1354 2542 ταῖς
1375 2500 1517 2541 Πόλεσι,
1541 2502 1664 2535 deinde

225 2562 372 2602 Σκευαί,
403 2573 490 2606 quae
520 2564 621 2606 vulgo
656 2563 808 2597 Platonis
840 2573 916 2596 esse
947 2562 1231 2607 perhibebantur,
1264 2563 1329 2597 vid.
1360 2563 1553 2595 Athenaeus
1585 2560 1664 2593 XIV

226 2631 260 2663 p-
284 2620 353 2654 628
377 2622 425 2655 E:
453 2618 714 2666 Ἀριστοφάνης
735 2619 758 2666 ἢ
783 2620 933 2655 Πλάτων
957 2624 991 2655 ἓν
1011 2626 1088 2659 ταῖς
1111 2623 1273 2662 Σκευαῖς,
1303 2617 1347 2658 ὦς
1370 2621 1576 2663 Χαμαιλέων
1598 2632 1666 2662 φη-

226 2679 291 2716 σίν,
317 2681 445 2723 εἴρηκεν
468 2680 586 2720 οὕτως.
612 2680 729 2715 Simile
754 2681 832 2723 quid
859 2682 902 2714 de
925 2680 1140 2714 Pherecratis
1166 2680 1280 2715 Persis
1305 2678 1450 2720 conieci,
1473 2678 1541 2713 vid.
1558 2677 1665 2712 Com-

226 2743 330 2774 ment.
356 2751 387 2783 p.
411 2740 490 2782 294,
515 2740 577 2774 cfr.
603 2744 715 2775 tamen
741 2740 893 2775 Meinek.
917 2742 946 2775 11
972 2741 989 2773 1
1018 2751 1050 2786 p.
1065 2740 1143 2775 318,
