1716 3164
211 202 232 242 l
241 200 320 241 10ss
714 193 1124 237 ARISTOPHANIS

217 306 279 350 Τὸ
307 305 439 353 ἔθνος
460 299 645 357 Ἴβηρες,
669 298 727 351 ὥς
756 300 924 359 Πίερες,
952 298 1173 358 Βύζηρες(
1210 300 1434 354 Διονύσιος
1463 307 1520 358 (v.
1550 308 1653 359 282)

211 375 375 431 Ἀγχοῦ
411 369 610 423 στηλάων
637 369 911 427 μεγαθύμων
939 370 1072 421 ἔθνος
1096 368 1296 427 Ἰβήρων.
1352 375 1427 415 καὶ
1449 372 1654 430 Ἀριστο-

212 443 354 503 φάνης
394 439 637 497 Τριφάλητι
675 439 1000 492 Μανθάνοντες
1039 441 1138 492 τοὺς
1167 441 1350 496 Ἴβηρας
1388 442 1486 492 τοὺς
1527 443 1654 500 Ἀρι-

213 512 401 569 στάρχου
435 508 583 554 πάλαι.
641 511 715 552 καὶ
750 509 859 560 Τοὺς
880 508 1064 566 Ἴβηρας
1101 508 1175 561 οὓς
1210 514 1405 568 χορηγεῖς
1441 527 1516 566 μοι
1540 514 1653 566 ,βοη-

211 583 358 635 θῆσαι
388 578 544 638 δρόμῳ.
604 583 664 622 De
693 583 928 623 Aristarcho
958 588 999 624 et
1030 584 1234 633 iberibus,
1273 585 1417 636 quibus
1454 590 1653 636 praeerat,

214 656 296 697 dixi
322 655 364 695 in
396 654 664 694 Commentat.
693 664 733 704 p.
756 648 845 692 ‘342
873 665 960 704 sqq.
1027 654 1170 694 Altero
1209 659 1345 694 autem
1374 667 1493 693 versu
1521 652 1654 705 ipsum

213 724 492 768 Aristarchum
521 734 625 762 unus
641 721 785 773 aliquis
804 734 851 761 ex
866 722 1004 762 amicis
1021 723 1108 763 eius
1124 727 1165 763 et
1183 724 1391 764 sodalibus
1414 723 1656 775 alloquitur-5

213 795 338 836 verba
367 798 502 832 autem
533 793 639 831 male
669 791 790 843 vulgo
821 791 1177 844 disiungebantur,
1208 795 1554 846 copulanda-sunt
1583 786 1657 839 οὓς

211 862 405 918 χορηγεῖς
418 874 508 914 μοι,
538 862 579 902 h.
597 875 632 901 e.
663 860 903 913 sagittarios,
932 873 1034 912 quos
1052 862 1149 901 mihi
1167 876 1298 915 paras,
1322 863 1502 904 subsidio
1519 863 1655 904 mittis.

902 981 972 1021 XI.

327 1065 581 1118 Hesychius:
615 1058 812 1117 Ἐρμῆς
853 1062 1208 1117 τρικέφαλος·
1249 1061 1574 1119 Ἀριστοφάνης
1613 1062 1658 1104 ἐν

222 1132 466 1191 Τριφάλητι
507 1130 635 1191 τοῦτο
672 1126 780 1186 ἔφη,
818 1130 981 1180 παίζων
1018 1131 1219 1185 κωμικῶς,
1237 1130 1433 1187 παρόσον
1461 1132 1659 1188 τετρακέ-

216 1204 354 1260 φαλος
387 1199 551 1255 Ἐρμῆς
588 1191 715 1255 ἐν”τῇ
742 1195 897 1255 τριόδῳ
933 1199 986 1256 τῇ
1020 1200 1066 1240 ἐν
1096 1200 1344 1256 Κεραμεικῷ
1381 1196 1543 1255 ἵδρυτο.
1599 1203 1660 1242 lta

215 1277 320 1316 haec
349 1273 524 1314 correxit
555 1270 800 1311 Me‘inekius.
859 1271 1052 1311 Ceterum
1082 1272 1175 1312 vide
1203 1272 1469 1312 Suevernium
1501 1286 1541 1325 p.
1565 1272 1632 1312 64.

891 1380 984 1420 ΧΠ.

329 1463 620 1517 Harpocratio:
669 1458 774 1501 Διά
812 1461 983 1513 μέσου
1019 1461 1222 1515 τεῖχος“
1270 1489 1322 1496 --
1361 1461 1489 1517 τριῶν
1524 1458 1662 1502 ὄντων

218 1531 365 1587 τειχῶν
393 1531 439 1571 ἐν
468 1529 520 1588 τῇ
544 1525 752 1587 Ἀττικῇ,
779 1526 836 1578 ὥς
865 1531 938 1570 καὶ
967 1527 1289 1585 Ἀριστοφάνης
1319 1532 1456 1586 φησὶν
1484 1530 1530 1571 ἐν
1563 1532 1662 1586 Τρι-

219 1598 393 1656 φάλητι,
423 1599 499 1640 τοῦ
530 1613 572 1638 τε
603 1597 775 1653 βορείου
804 1599 877 1639 καὶ
907 1597 985 1639 τοῦ
1014 1597 1159 1639 νοτίου
1187 1600 1261 1640 καὶ
1291 1600 1367 1641 τοῦ
1396 1598 1659 1655 Φαληρικοῦ,

219 1667 293 1712 διὰ
327 1669 464 1724 μέσου
502 1664 667 1709 τούτων
705 1667 868 1720 ἐλέγετο
907 1665 955 1707 τὸ
995 1664 1161 1720 νότιον,
1207 1661 1261 1710 οὗ
1297 1667 1556 1724 μνημονεύει
1590 1668 1664 1709 καὶ

218 1736 408 1780 Πλάτων
436 1737 481 1778 ἐν
513 1734 674 1793 Γοργίᾳ
702 1739 763 1791 (p.
798 1739 879 1778 456
910 1740 978 1787 A).

888 1840 1000 1880 XIII.

330 1931 585 1983 Hesychius:
624 1925 724 1968 Ἐπὶ
758 1926 1004 1977 Φαληνίου·
1042 1926 1117 1967 τὸν
1153 1923 1446 1980 Ἀλκιβιάδην
1476 1929 1613 1985 φησὶν
1642 1926 1665 1970 ὁ

215 1993 544 2054 Ἀριστοφάνης
573 1997 659 2038 ἐπὶ
693 1994 979 2046 Φαληνιόυ
1007 1995 1285 2049 γεγενῆσθαι,
1317 1995 1524 2038 σκώπτων
1549 2000 1668 2053 παρὰ

218 2065 295 2107 τὸν
345 2063 541 2122 φάλητα·
589 2063 831 2120 ἐπασχητία
875 2062 970 2119 γάρ.
1049 2067 1110 2105 Ita
1148 2068 1253 2107 enim
1294 2069 1558 2121 corrigendus
1596 2069 1668 2108 ille

218 2137 358 2187 locus,
403 2137 525 2190 vulgo
565 2131 855 2189 Ἀρίσταρχος
895 2136 1104 2183 scribitur,
1159 2136 1266 2187 quod
1311 2137 1431 2176 etiam
1476 2136 1668 2192 Reiskius

220 2206 476 2255 emendavit,
513 2209 554 2246 et
591 2206 633 2245 in
674 2207 758 2245 fine
796 2206 947 2257 legitur
984 2205 1026 2245 in
1066 2204 1228 2245 codice:
1268 2200 1508 2257 ἐπασχητία
1536 2201 1617 2259 γὰρ
1645 2199 1668 2243 ὁ

223 2270 382 2330 φαλής,
411 2274 521 2328 quod
552 2275 730 2315 correxit
760 2275 1007 2315 Dindorfius.

914 2374 1024 2415 XIV.

333 2458 597 2510 Hesychius:
645 2450 803 2495 Ἰλάων
844 2448 978 2509 ἥρως·
1023 2451 1300 2500 Ποσειδῶνος
1341 2449 1454 2502 υἱός,
1498 2449 1583 2509 ἀφ’
1621 2445 1673 2492 οὗ

219 2521 547 2579 ’Λριστοφάνης
588 2523 635 2564 ἐν
683 2520 926 2579 Τριφάλητι
959 2519 1210 2570 Ἰλάονας
1249 2519 1333 2576 ἔφη
1371 2521 1496 2570 τοὺς
1533 2518 1673 2575 φάλη-

221 2609 323 2647 τας,
367 2595 641 2650 μεταφέρων,
692 2590 748 2641 ὡς
803 2589 1151 2647 ὑπερβάλλοντας
1193 2589 1251 2647 τῷ
1297 2591 1495 2645 μεγέθει,
1537 2586 1593 2637 ὥς
1637 2583 1676 2628 εἰ

222 2662 334 2716 ἕλε-γε
370 2659 562 2716 Τιτυούς,
593 2660 623 2714 ἤ
650 2675 771 2710 τινας
800 2659 1032 2710 τοιούτους.
1063 2658 1190 2702 ἄλλοι
1217 2662 1263 2701 ὸὲ
1291 2657 1407 2700 θεὸν·
1440 2654 1671 2712 πριαπώδη

222 2745 374 2787 φασιν.
