1716 3164
678 149 982 198 ΟΛΚΛΔΕΣ.
1447 158 1560 202 1121

83 268 242 323 Equitt.
271 279 310 308 v.
333 267 420 308 908
450 267 580 309 Cleon
611 267 803 309 adulatur
833 268 976 310 Plebi:
1002 262 1116 321 Ἐγώ
1151 265 1198 309 δὲ
1225 267 1304 318 τὰς
1332 266 1489 319 πολιάς
1516 270 1565 325 γέ

84 333 331 390 σούκλέγων
369 336 469 378 νέον
510 332 696 388 ποιήσω.
765 339 827 379 De
863 340 942 380 ista
971 340 1232 382 adulatorum
1263 342 1567 384 cousuetudine

84 408 275 451 conferas
319 409 506 462 inprimis
551 410 832 462 Theophrast.
870 410 1061 452 Charact.
1104 411 1169 450 11:
1213 409 1310 450 Καὶ
1351 406 1441 462 ἀπὸ
1488 409 1569 453 τοῦ

85 476 267 532 ἱματίου
306 475 482 534 ἀφελεῖν
523 474 713 534 κροκύδα
745 478 819 518 καὶ
856 474 932 518 ἐάν
961 492 1003 519 τι
1033 476 1143 534 πρὸς
1183 476 1233 519 τὸ
1262 477 1459 535 τρίχωμα
1488 480 1567 533 τῆς

82 547 277 604 κεφαλῆς
306 546 396 589 ἀπὸ
426 545 672 602 πνευματος
696 546 976 605 προσενεχθῇ
1003 544 1179 604 ἄχυρον,
1210 549 1565 604 καρφολογῆσαι·

83 619 158 660 καὶ
188 614 449 672 ἐπιγελάσας
478 616 524 658 δὲ
554 613 712 659 εἰπεῖν·
748 614 902 674 Ὁρᾷς,
934 612 1003 660 ὅτι
1032 617 1157 659 δυοῖν
1187 631 1258 660 σοι
1288 616 1460 673 ἡμερῶν
1487 616 1567 661 οὐκ

85 685 366 744 ἐντετύχηκα,
397 687 562 729 πολιῶν
592 686 778 743 ἔσχηκας
806 686 885 729 τὸν
914 685 1103 742 πώγωνα
1133 684 1312 742 μεστόν,
1342 686 1499 746 καίπερ
1528 688 1573 731 εἴ

86 774 152 810 τις
182 756 315 809 ἄλλος
342 759 559 815 μέλαιναν
588 758 695 815 ἔχεις
725 756 832 814 πρὸς
864 756 919 799 τὰ
948 756 1022 810 ἔτη
1053 757 1135 811 τήν
1166 755 1305 815 τρίχα.

773 884 868 924 ΧΗ.

698 965 864 1015 Παῖδες
893 962 1092 1020 άγένειοι,
1123 961 1338 1022 Στράτων

308 1050 383 1091 καὶ
415 1049 710 1102 Κλεισθένης.

201 1136 436 1178 Scholiasta
467 1138 646 1179 Acharn.
678 1152 717 1179 v.
748 1138 858 1178 122:
889 1130 1120 1189 Στράτων·
1156 1133 1233 1175 καὶ
1263 1123 1391 1182 οὗτος
1418 1146 1570 1190 κωμῳ-

88 1203 229 1246 δεῖται
255 1201 314 1254 ώς
342 1202 601 1261 λωβώμενος
629 1205 878 1261 τὸγένέιον
907 1206 982 1246 καὶ
1012 1201 1217 1245 λειαίνων
1247 1200 1298 1244 τὸ
1330 1201 1483 1258 σῶμα,
1512 1199 1572 1253 ὥς

90 1275 392 1328 Κλεισθένης,
432 1271 492 1326 ὥς
536 1291 676 1332 φησιν
719 1273 854 1325 αὐτὸς
893 1271 1229 1331 Ἀριστοφάνης
1270 1273 1317 1314 ἐν
1359 1270 1571 1316 Ὁλκάσι·

86 1341 486 1399 Παῖδεςᾶγένέιοι,
518 1346 744 1404 Στράτων.
802 1350 949 1390 Adieci
979 1347 1054 1387 καὶ
1076 1344 1368 1395 Κλεισθένης,
1398 1347 1465 1386 vel
1493 1358 1572 1387 nu-

87 1431 228 1460 merus
259 1419 431 1471 pluralis
472 1417 626 1467 παῖδες
664 1415 852 1472 ἀγένιιοι
891 1420 1074 1472 postulat
1114 1422 1160 1458 ut
1196 1417 1341 1469 plures
1380 1416 1573 1456 homines

9 1535 12 1539 ,
88 1489 318 1531 effeminati
363 1494 406 1531 et
450 1491 659 1532 imberbes
696 1494 1020 1531 recenseantur:
1069 1501 1161 1529 cum
1198 1488 1394 1528 Stratone
1433 1491 1574 1526 autem

89 1560 425 1602 commodissime
455 1562 719 1615 coniungitur
750 1561 1012 1609 Clisthenes,
1056 1558 1405 1612 quemadmodum
1437 1561 1501 1598 est
1529 1556 1574 1597 in

89 1632 418 1674 Acharnensium
448 1632 521 1671 illo
553 1633 667 1672 loco:
709 1630 805 1671 Καὶ
834 1630 930 1670 τοῖν
957 1631 1037 1683 μὲν
1066 1623 1291 1681 εὐνούχοιν
1317 1624 1398 1666 τὸν
1428 1625 1575 1680 ἕτερον

7 1739 12 1744 ,
89 1700 266 1741 τουτονὶ
300 1689 464 1757 Ἐγῷδ’
497 1695 544 1750 ὃς
574 1698 690 1754 ἔστι,
731 1699 1012 1750 Κλεισθένης
1042 1695 1066 1740 ὁ
1096 1694 1352 1753 Σιβυρτίου,
1388 1719 1442 1730 -
1468 1691 1577 1736 Ὃδὶ

90 1768 138 1811 δὲ
183 1766 249 1819 τίς
300 1768 407 1811 ποτ’
449 1769 602 1824 ἐστίνς
653 1768 707 1812 οὐ
760 1767 904 1821 δήπου
947 1765 1194 1826 Στράτωνς
1244 1773 1286 1810 et
1329 1768 1371 1808 in
1413 1767 1574 1820 Equitt.

90 1854 129 1884 v.
170 1842 309 1883 137⁰:
374 1837 494 1881 Οὐδ’
542 1838 906 1897 ἀγορασάγένειος
960 1838 1103 1889 οὐδεὶς
1147 1839 1193 1879 ἐν
1233 1834 1389 1892 ἀγορᾷ.
1472 1831 1576 1875 Ποῦ

89 1908 203 1961 δῆτα
236 1909 519 1963 Κλεισθένης
547 1908 762 1969 ἀγοράσει
790 1912 865 1953 καὶ
894 1909 1125 1967 Στράτων,-

776 2036 894 2077 ΧΙΠ.

195 2120 328 2166 ’Ἐστι
357 2137 424 2174 τις
455 2123 648 2182 πονηρὸς
677 2122 784 2180 ἡμῖν
813 2120 995 2176 τοξότης
1025 2117 1266 2176 συνήγορος

205 2205 506 2264 εὐρύπρωκτος
532 2203 681 2264 ὥσπερ
710 2206 926 2257 Εὔαθλος
956 2203 1064 2261 παρ’
1097 2201 1202 2259 ὑμῖν
1229 2201 1320 2251 τοῖς
1349 2199 1478 2248 νέοις.

205 2310 442 2351 Scholiasta
469 2311 648 2352 Acharu.
682 2324 722 2352 v.
750 2312 836 2351 710
876 2314 918 2350 et
947 2308 1118 2349 Suidas:
1164 2300 1406 2350 Εὐάθλους
1447 2299 1584 2341 δέκα·“

15 2409 19 2439 5
93 2390 222 2426 ουτος
257 2374 281 2418 ὁ
322 2374 538 2427 Εὔαθλος
580 2376 723 2436 ῥήτωρ
762 2374 964 2434 πονηρός.
1020 2371 1356 2430 Ἀριστοφάνης
1395 2369 1442 2411 ἐν
1465 2366 1578 2410 0²⁶

16 2443 20 2450 *
93 2444 248 2489 κάσιν·
275 2443 407 2488 ’Ἐστι
435 2462 500 2496 τις
530 2475 585 2482 —
614 2448 740 2497 νέοις.
799 2446 855 2498 ἠν
885 2448 931 2488 δὲ
960 2446 1035 2487 καὶ
1065 2441 1365 2500 εὐρύπρωκτος
1393 2440 1468 2482 καὶ
1497 2434 1575 2480 λά-

93 2516 180 2567 λος.
239 2516 307 2567 έίἠ
337 2514 388 2558 δ’
421 2530 479 2557 αν
514 2519 591 2559 καὶ
619 2514 819 2572 ἀγεννης.
876 2517 947 2559 διὸ
985 2517 1063 2557 καὶ
1101 2511 1287 2566 τοξότην
1324 2507 1462 2552 αὑτὸν
1497 2523 1578 2551 κα-

93 2586 180 2639 λεῖ,
221 2579 319 2628 οἷον
363 2583 598 2644 ὑπηρέτην.
656 2591 832 2643 Legitur
860 2592 985 2643 vulgo
1016 2585 1257 2640 συνήγορος
1285 2575 1432 2635 ὥσπερ
1464 2574 1574 2634 παρ’

95 2651 203 2710 ἡμῖν
233 2657 324 2706 τοῖς
354 2657 480 2706 νέοις.
539 2660 674 2700 Recte
702 2651 929 2700 Elmsleius
957 2654 1062 2712 ὑμῖν
1091 2658 1269 2710 scripsit,
1297 2645 1446 2706 ὥσπερ
1460 2647 1578 2691 Εὕα-

95 2723 213 2773 θλος
242 2727 391 2770 Suidas
420 2733 464 2771 et
493 2729 563 2782 qui
591 2733 751 2782 partem
781 2728 931 2770 horum
961 2728 1140 2770 servavit
1168 2724 1391 2768 scholiasta
1418 2722 1579 2773 Vespa-

155 2806 328 2842 comoed.
361 2811 436 2842 ant.
1253 2794 1308 2834 71
