1716 3164
182 169 266 210 888
802 164 1027 206 EP1LY01

188 278 262 319 καὶ
290 274 448 332 ἄρτους
477 274 523 315 δὲ
551 273 625 315 καὶ
654 269 794 327 ζωμόν
822 286 921 314 τινα
949 272 1290 327 καθηδυσμένον
1316 272 1533 328 περιττῶς.
1590 276 1635 316 In

187 347 347 401 Epiiyci
375 346 605 398 fragmento
634 358 693 385 ve.
725 346 745 384 1
780 342 946 384 ποττὰν
974 349 1089 384 recte
1119 345 1282 396 scripsit
1312 346 1519 386 Iacobsius
1548 345 1632 387 Ad·
1695 377 1699 380 .

187 418 258 456 dit.
287 429 326 467 p.
358 415 425 455 95.
491 415 602 454 Libri
638 413 728 454 fere
759 409 927 454 πότι-αν
965 415 1029 453 vel
1058 407 1184 452 ndtt'
1217 408 1286 453 ἄν.
1343 415 1448 455 Tum
1482 412 1632 454 κοπίδ’
1698 417 1716 468 <⁵

185 478 401 536 οἶώσομαι
429 485 478 524 Α.
508 478 862 536 κοπιδοιώσωμαι
889 484 1009 526 PVL.
1039 477 1355 535 κοπιὸιώσομαι
1384 485 1431 524 B.
1490 486 1630 524 Iacob·
1699 469 1701 472 ι

189 555 273 596 sius
311 547 459 592 κοπίδ’
500 548 701 605 ἔσσυμαι.
776 554 932 605 Recepi
979 552 1305 592 emendationem
1355 553 1435 592 Th.
1472 554 1637 606 Bergkii

191 625 422 664 Comment.
454 636 493 674 p.
523 622 621 662 431.
652 647 706 654 ——-
733 623 847 664 Vs.2
877 635 952 675 pro
979 616 1253 674 Ἀμυκλαῖον
1281 623 1321 661 ἰη
1353 622 1442 662 cod.
1473 625 1507 663 A
1539 624 1639 662 scri-

190 698 304 745 ptum
336 698 398 731 est
424 686 709 743 Ἀμὺκλαιον.
742 691 843 731 lbid.
873 688 1203 743 παραγγέλλωσι
1231 691 1316 731 VL.
1357 689 1639 743 παραγγέλλω

190 773 262 800 σοι
292 761 337 800 Ρ.
379 757 680 814 παραγγὲλωσι
710 761 756 799 Β.
822 761 1003 812 Egregie
1033 760 1112 799 Tb.
1140 760 1339 812 Bergkius
1376 755 1495 815 πάρα
1533 759 1641 800 Γέλ-

192 828 326 869 λωσιν
354 830 396 869 h.
428 843 464 869 e.
494 823 667 881 πάρεισι
697 822 876 868 Bimae.
921 854 975 861 —-
1019 829 1090 870 Vs.
1120 829 1146 866 3
1186 823 1380 880 βάρακες.
1431 832 1491 870 De
1521 831 1641 871 variis
1700 852 1703 855 ·

194 899 599 951 interpretationibus
629 898 801 938 nominis
831 894 1015 948 βάρακες
1034 898 1099 937 vel
1122 892 1301 950 βήρηκες
1327 904 1491 950 praeter
1509 901 1639 940 Athe-

198 981 346 1009 naeum
376 968 403 1007 Ι.
434 968 462 1007 Ι.
494 970 535 1006 et
564 967 623 1006 111
653 967 832 1019 p.114f.
862 968 955 1007 vide
984 967 1300 1007 Grammaticum
1329 969 1457 1008 Bekk.
1488 970 1642 1010 Anecd.

194 1051 235 1090 Ρ.
253 1038 334 1077 226
367 1037 404 1076 1.
433 1033 648 1089 Βηρηκεςε
679 1033 812 1088 μᾶζαι
841 1032 1002 1089 ὀρθαί·
1033 1034 1076 1074 οἱ
1107 1034 1151 1074 δὲ
1173 1032 1317 1083 ἁπλῶς
1331 1033 1469 1089 μάζας
1497 1034 1643 1078 ἐπάνω

195 1105 356 1159 κέρατα
394 1102 588 1158 ἐχούσας.
645 1103 765 1159 παρὰ
792 1101 1157 1158 Λακεδαιμονίοις
1186 1104 1231 1144 δὲ
1259 1102 1382 1154 τὴν
1368 1103 1518 1159 ἑορτὴν
1546 1104 1644 1156 Βη-

200 1171 355 1230 ρηκίαν
392 1173 627 1226 agnomen,
665 1172 712 1214 ἐν
739 1174 766 1231 ᾐ
795 1176 885 1223 τοῖς
919 1171 1085 1215 θύουσι
1123 1169 1390 1227 πρότιθέασι
1424 1172 1525 1222 τοὺς
1563 1171 1645 1227 βή-

196 1259 343 1299 ρηκας.
404 1247 495 1296 Quo
524 1247 616 1285 loco
644 1246 712 1296 qui
741 1257 838 1285 usus
869 1249 933 1286 est
960 1245 1232 1285 Ruhnkenius
1247 1246 1365 1285 Auct.
1395 1246 1446 1285 ad
1462 1246 1644 1298 Hesych.

194 1329 236 1369 p.
265 1314 349 1355 724
378 1327 452 1367 pro
482 1309 710 1366 Βηρηκίαν
739 1315 902 1355 exhibet
929 1309 1165 1368 Βηρικὶαν,
1203 1315 1312 1366 quod
1349 1314 1439 1367 ipse
1476 1316 1517 1356 in
1546 1313 1646 1354 Βα-

194 1379 322 1438 ρήκιοι
358 1388 500 1424 mutat.
564 1384 946 1424 Commemorantur
985 1384 1107 1423 etiam
1144 1383 1186 1423 in
1224 1388 1467 1424 testamento
1496 1385 1646 1436 {dorico
1708 1382 1716 1391 '⁴

197 1455 306 1507 apud
335 1454 556 1493 Gruterum
589 1453 776 1505 Inscript.
806 1466 846 1506 p.
877 1453 1079 1495 CCXVII.
1119 1453 1188 1492 ubi
1226 1452 1422 1493 habemus
1463 1449 1648 1493 ἐλλύταν

196 1522 272 1563 καὶ
299 1518 432 1576 ἄρτον
469 1521 544 1561 καὶ
573 1517 746 1575 πάρακα
777 1523 889 1575 (leg.
920 1516 1144 1575 βάρακας)
1182 1520 1256 1560 καὶ
1292 1516 1474 1575 ὀψαρια.
1531 1525 1647 1575 Quae
1715 1538 1716 1541 ¹

200 1597 428 1670 sequuntur
457 1593 499 1632 in
536 1593 627 1632 loco
658 1592 838 1644 Epilyci‚
875 1592 917 1632 in
952 1592 1066 1631 libris
1094 1592 1151 1631 ita
1179 1592 1330 1668 scripta
1358 1596 1472 1632 sunt:
1508 1587 1650 1631 πολλὰ
1714 1591 1716 1644 J

198 1661 242 1703 οἱ
279 1658 430 1715 κάρτα.
499 1663 632 1702 Recte
663 1663 926 1702 Gasaubonus
956 1658 1110 1700 πολλοὶ
1139 1659 1212 1700 καὶ
1242 1656 1387 1714 ἄρτοι,
1426 1662 1503 1701 nisi
1539 1662 1650 1713 quod

199 1733 376 1773 debebat
415 1726 585 1786 κᾶρτοι,
629 1736 674 1771 ut
714 1731 842 1771 edidit
878 1731 1125 1771 Dindorfius.
1199 1731 1410 1771 Postrema
1459 1731 1551 1771 libri
1593 1731 1650 1770 ita
1711 1714 1716 1744 ⁴²

200 1802 418 1843 exhibent:
467 1799 737 1852 δωδέμοστοι
777 1795 898 1853 μάλα
938 1795 1056 1847 ἁδύς.
1129 1801 1245 1840 Unus
1286 1801 1318 1840 B
1364 1797 1650 1852 δωδὲμοστος.

201 1871 285 1911 Pro
315 1865 421 1916 ἁδύς
438 1872 509 1911 VL
538 1866 668 1922 ἀδεεῖς.
726 1871 969 1923 Cori-uptam
999 1883 1142 1910 vocem
1171 1866 1437 1921 ὃωὸέμοστοι
1468 1869 1534 1909 vel
1564 1866 1651 1907 δω-

201 1937 414 1991 ὃὲμοστος
449 1941 712 1980 Gasauhonus
748 1941 788 1980 in
826 1934 982 1992 ζωμός,
1023 1940 1434 1990 Schweighaeuserus
1474 1942 1516 1977 et
1551 1938 1651 1978 Din-

201 2008 356 2049 dorfius
394 2010 436 2049 in
478 2007 651 2061 σδωμὸς
689 2010 910 2049 mutabant.
985 2008 1117 2049 Recte
1155 2008 1355 2060 Bergkius
1393 2002 1535 2059 δωμός
1573 2019 1651 2057 τις,

201 2079 324 2119 allato
355 2079 534 2130 Etymol.
565 2079 625 2119 M.
655 2091 695 2131 p.
726 2079 810 2118 316
838 2079 914 2119 56:
954 2073 1067 2117 κατὰ
1105 2073 1270 2129 τροπὴν
1306 2073 1493 2130 δωρικὴν
1527 2072 1606 2115 τοῦ
1633 2074 1658 2125 ζ

202 2141 262 2195 εἰς
290 2145 330 2188 ὅ.
389 2138 484 2186 οἷον
512 2143 634 2198 ζυγὸς
662 2144 804 2198 δυγός,
832 2145 907 2186 καὶ
935 2141 1072 2198 ζωμὸς
1102 2140 1258 2197 δωμός.
1316 2146 1398 2186 Pro
1427 2158 1493 2192 τις
1521 2146 1652 2198 possis

205 2219 328 2259 etim
358 2229 438 2257 τοι.
501 2218 585 2258 Sed
624 2218 734 2270 quod
770 2217 881 2256 idem
911 2216 1112 2268 Bergkius
1139 2210 1258 2267 μάλα
1287 2216 1330 2256 in
1358 2213 1493 2267 μέλας
1520 2219 1653 2255 muta-

206 2291 293 2328 tum
321 2287 417 2335 ivit,
454 2287 493 2327 ei
521 2287 758 2327 adversatur
784 2287 873 2338 ipse
903 2285 1140 2326 Athenaeus
1170 2285 1332 2337 Epilyci
1361 2286 1477 2325 illum
1507 2280 1655 2337 δωμὸν

206 2351 327 2409 μάλα
366 2351 478 2394 ἁδὺν
514 2358 719 2408 explicans
757 2355 892 2395 verbis
929 2350 1070 2406 ζωμὸν
1105 2350 1396 2406 διηδυσμένον
1431 2350 1654 2407 περιττῶς.

207 2426 488 2478 Annpaesticis
526 2426 711 2465 versibus
749 2426 885 2465 locum
917 2428 1160 2476 conceptum
1189 2437 1281 2465 esse
1318 2424 1427 2465 idem
1457 2424 1657 2477 Bergkius

210 2493 326 2534 vidit.

896 2548 970 2588 111.

317 2631 554 2672 Athenaeus
578 2630 673 2673 xlv
696 2645 737 2684 p.
755 2632 899 2671 ‹55oe2
928 2626 1155 2676 Ἐπίλυκος
1188 2623 1455 2681 Κωραλίσκῳ
1495 2624 1548 2665 M
1557 2623 1586 2675 ἦ
1594 2623 1658 2665 λα

207 2698 300 2740 καὶ
327 2695 454 2758 ῥόας
483 2697 674 2751 λέγεις.
732 2701 930 2753 Respexit
960 2700 1062 2741 haec
1091 2697 1261 2739 Photius
1292 2697 1395 2742 Lex.
1418 2710 1458 2749 p.
1479 2696 1563 2736 490
1592 2696 1659 2736 25.
