1716 3164
180 187 290 229 1182
693 183 1102 228 ARISTOPHANIS

181 304 248 340 tus
276 312 315 351 p.
346 296 422 335 16:
464 291 637 347 ἐνιαχοῦ
664 291 710 334 δὲ
739 293 937 349 παρέλκει
966 293 1015 335 τὸ
1046 291 1181 347 ἄττα,
1217 293 1274 345 ὥς
1313 297 1362 338 τὸ
1387 299 1624 354 χιονίππου

181 363 333 409 πύθου
358 360 539 416 χελιδών
568 360 841 413 πηνίκ’ὂίττα
866 362 1081 419 φαίνεται.
1119 367 1315 408 Codicum
1331 373 1623 412 outemleotio-

179 450 254 482 nes
271 436 379 489 apud
394 434 623 474 Bekkerum
648 429 765 486 χίονί
792 447 888 484 που,
915 431 1043 488 χίωνί
1071 448 1168 485 που,
1192 434 1360 488 χιωνιοί
1376 451 1459 477 που
1476 441 1623 481 docent

178 509 236 549 ibi
253 507 386 560 potius
402 516 493 544 cum
509 503 674 543 Osanno
692 500 972 544 Χιωνίδου
999 506 1216 558 legendum
1248 519 1353 555 esse,
1383 512 1426 547 ut
1447 508 1623 550 fortasse

179 578 331 619 rectius
376 574 473 614 huic
520 585 639 624 quam
678 574 941 626 Aristophani
979 580 1060 615 tam
1099 576 1210 627 prior
1262 588 1380 627 quam
1421 580 1624 629 posterior

179 659 322 690 versus
360 645 413 685 sit
449 642 701 683 tribuendus.
759 644 1040 696 Aristophanis
1080 645 1115 684 si
1144 650 1238 685 sunt
1266 646 1309 685 hi
1339 659 1500 696 versus,
1537 646 1623 687 for-
1660 648 1668 652 ’

179 723 288 759 tasse
315 714 521 768 pertinent
550 712 599 752 ad
617 712 1060 766 Thesmophoriazusas
1084 715 1135 754 11.
1166 714 1353 755 conferas
1381 728 1473 756 cum
1503 729 1624 756 versu

179 782 597 842 priore'Thesmoph.
630 783 661 831 Ι,
692 783 737 822 1:
770 770 831 820 Ὠ
865 778 949 821 Ζεῦ
973 780 1153 835 χελιδών
1181 773 1267 837 ἆρά
1295 796 1398 823 ποτε
1429 781 1625 837 φανήσε-

178 869 268 896 ται.
324 856 428 895 Cum
457 852 586 902 oltero
617 855 752 891 autem
782 865 900 892 versu
933 852 1185 905 Thesmoph.
1217 854 1255 893 11
1285 856 1353 894 Fr.
1387 855 1445 893 111
1474 855 1515 895 8.
1564 856 1626 895 Et

179 938 278 968 sane
306 916 563 975 ὀρχούμεναι
591 921 726 981 potius
754 920 878 961 fuerit
906 922 1137 973 legendum.
1206 923 1406 975 Corrupto
1446 925 1623 975 Etymol.
1668 955 1676 964 ..

178 998 240 1039 M.
269 1008 311 1048 p.
341 993 422 1032 167
451 991 529 1029 46:
567 1014 623 1021 -—
660 983 684 1028 ὃ
724 987 907 1042 κωμικὸς
944 988 988 1028 δὲ
1020 986 1221 1043 χρονικὸν
1249 987 1359 1030 αὐτὸ
1390 990 1620 1045 παραλαμ-

180 1060 322 1118 βάνει,
362 1054 530 1108 Πήθου
562 1056 744 1111 χελιδών
783 1054 923 1107 τηνίκ’
955 1054 1066 1098 ἅττα
1106 1055 1293 1110 γίνεται·
1347 1059 1456 1112 λέγει
1493 1057 1622 1101 ὁπότε

174 1129 356 1189 χελιδών
384 1126 560 1182 γίνεται.
619 1130 712 1168 Non
742 1129 912 1168 multum
942 1130 1041 1168 lucis
1069 1130 1270 1177 afferunt,
1301 1143 1404 1180 quae
1433 1131 1626 1182 leguntur

178 1204 286 1258 apud
315 1200 630 1241 Grammaticum
669 1199 711 1239 in
740 1198 915 1238 Bekkeri
955 1199 1109 1240 Anecd.
1141 1198 1159 1238 Ι
1188 1212 1228 1251 p.
1257 1199 1338 1238 460
1368 1198 1422 1237 32
1462 1203 1503 1239 et
1533 1199 1625 1239 Sui-

179 1276 272 1316 dam
300 1285 337 1312 v.
368 1264 491 1309 ἄττα.

842 1377 971 1416 XXII.

392 1460 558 1502 ”Amat
588 1460 632 1499 δὲ
662 1457 942 1512 κναμίζουσιν
972 1443 1117 1497 αὐτῶν
1174 1462 1190 1481 *
1249 1460 1266 1479 *

399 1541 505 1600 πρὸς
531 1539 694 1598 ἄνδρας
723 1538 833 1582 εἰσὶν
861 1537 1135 1593 ἐκπετήσιμοι
1165 1536 1331 1593 σχεδόν.

288 1658 434 1700 Pollux
465 1656 502 1695 11
534 1655 615 1694 18:
642 1647 960 1706 Ἀριστοᾳάνες
989 1650 1033 1690 δὲ
1063 1648 1281 1705 κυαμίζειν
1311 1648 1386 1698 τὰς
1411 1646 1622 1703 ἀκμαζού-

178 1745 258 1778 σας
287 1724 596 1779 (παρθένους)
627 1718 732 1774 ἔφη·
767 1717 927 1760 'Amat
957 1719 1001 1760 δὲ
1029 1720 1118 1762 κτλ.
1184 1723 1230 1762 ln
1267 1723 1349 1762 fine
1380 1735 1415 1762 v.
1446 1722 1469 1761 1
1501 1723 1623 1774 vulgo

176 1802 328 1855 legitur
357 1792 511 1847 ἤγουν,
548 1794 656 1845 quod
700 1793 815 1832 deest
853 1793 894 1831 in
926 1792 1014 1830 cod.
1048 1792 1252 1843 Iungerm.
1294 1792 1366 1831 sed
1405 1792 1541 1831 neseio
1573 1804 1623 1833 an

177 1873 229 1913 sit
264 1866 546 1912 retinendum,
584 1865 639 1903 ita
676 1868 720 1902 ut
759 1861 938 1900 Pollucis
977 1862 1048 1909 sit,
1088 1862 1156 1912 qui
1197 1861 1276 1900 duo
1318 1861 1476 1900 diversa
1513 1859 1623 1913 frag-

175 1943 313 1982 menta
354 1933 637 1987 Aristophanis
680 1930 964 1983 adscripserit,
1009 1935 1054 1969 ut
1098 1930 1270 1969 alterum
1315 1930 1445 1970 altero
1486 1929 1622 1981 expla-

174 2014 305 2053 naret.

811 2081 962 2121 ΧΧΙΙΙ.

369 2165 611 2218 Λούσησθε
637 2164 712 2204 καὶ
740 2160 1002 2213 κτενίσησθε
1033 2158 1138 2217 πρὸς
1167 2158 1244 2201 τὸν
1271 2154 1410 2211 ἥλιον.

262 2241 430 2326 'Pollux
458 2281 496 2322 11
526 2281 601 2320 34:
631 2270 956 2332 Ἀριστοφάνης
982 2268 1225 2323 Λούσησθε
1255 2270 1343 2312 κτλ.

819 2397 970 2438 xxiv.
1040 2370 1045 2374 ’

360 2478 462 2525 ‘'Iva
490 2480 550 2537 μὴ
580 2478 769 2537 καταγῇς
798 2476 847 2519 τὸ
878 2475 1065 2533 σκάφιον
1095 2474 1269 2527 πληγεὶς
1296 2471 1418 2529 ξύλῳ.

286 2598 431 2638 Pollux
462 2597 499 2636 11
529 2596 605 2634 39:
637 2588 771 2646 Παρὰ
800 2588 845 2630 δὲ
873 2583 1186 2644 Ἀριστοφάνει
1215 2578 1480 2638 (ἡ.κε([αλὴ)
1511 2577 1619 2622 σκά-

175 2678 301 2721 φιον·
334 2660 435 2704 Ἵνα
471 2662 531 2717 μὴ
570 2662 658 2703 κτλ.
715 2659 764 2701 τὸ
803 2655 990 2715 σκάφιον
1027 2659 1211 2711 Toupius
1247 2656 1419 2698 Emend.
1451 2653 1529 2694 vol.
1561 2653 1618 2695 1V

175 2752 216 2791 p.
245 2737 341 2787 363,
369 2736 490 2788 vulgo
520 2735 637 2774 deest
666 2732 871 2773 articulus.
