1716 3164
646 170 948 217 ΟΛΚΑΔΕΣ.
1424 174 1534 220 1117

58 293 151 333 bata
178 289 306 338 ’sunt‚
345 287 475 329 multo
516 292 654 329 autem
694 289 826 343 magis
865 303 936 339 ea,
970 301 1077 342 quae
1105 289 1441 342 subsequuntur,
1481 292 1534 333 de

57 359 349 403 Psammetichi
391 361 659 401 liberalitate:
699 373 791 399 nam
831 360 884 399 de
923 360 1216 400 Psammetichi
1254 363 1364 415 regis
1395 365 1533 417 Aegy-

54 432 234 485 ptiorum
265 431 502 483 largitione,
534 443 639 482 quae
667 429 775 469 facta
804 434 870 469 est
902 430 1074 470 Periclis
1105 435 1319 484 tempore,
1359 435 1532 487 cogitari

55 502 221 542 omnino
254 515 333 541 non
367 507 526 555 potest:
566 513 811 553 quamquam
841 501 912 541 illa
944 500 1107 553 largitio
1150 515 1229 541 non
1263 504 1396 544 minus
1427 505 1533 545 mul·

54 578 117 612 tas
156 573 251 613 lites
294 574 505 620 excitavit,
546 577 592 611 ut
628 572 753 611 docet
795 572 1043 612 Plutarchus
1086 572 1157 612 vit.
1194 573 1342 614 Pericl.
1385 587 1420 615 c.
1451 575 1534 616 37:

53 639 176 683 Ἐπεὶ
216 642 262 683 δὲ
303 642 381 683 τοῦ
420 640 635 694 βασιλέως
675 640 762 681 τῶν
800 636 1062 693 Αἰγυπτίων
1107 639 1274 696 δωρεὰν
1311 642 1370 701 τῷ
1408 642 1534 702 δήμῳ

55 713 315 768 πέμψαντος
351 710 738 768 τετρακισμυρίους
775 711 925 769 πυρῶν
970 711 1211 766 μεδίμνους
1261 710 1352 755 ἔδει
1389 713 1534 757 διανέ-

52 785 230 839 μεσθαι
269 786 358 833 τοῖς
399 780 614 833 πολίταις,
658 782 819 824 πολλαὶ
857 785 939 838 μὲν
984 778 1230 839 ἀνεφύοντο
1278 783 1398 827 δίκαι
1442 787 1535 837 τοϊς

52 852 213 905 νόθοις
241 855 287 896 ἐκ
309 853 388 897 τοῦ
413 850 671 910 γράμματος
702 852 880 904 ἐκείνου,
909 854 1013 903 τέως
1034 852 1430 899 διαλανθάνουσαι
1458 859 1534 900 καὶ

0 925 1 952 3
52 923 380 983 παρορώμεναι,
422 924 579 966 πολλοὶ
623 924 668 966 δὲ
707 925 783 965 καὶ
823 923 1198 981 συκοᾳαντήμασι
1236 929 1533 984 περιέπιπτον.

0 995 5 1054 Ι
49 1000 105 1040 At
156 1011 255 1039 vero
305 997 470 1038 Isarcbo
513 1001 708 1050 praetore
756 997 1022 1049 expeditione
1069 999 1111 1039 in
1162 1000 1378 1042 Euboeam
1422 1000 1535 1043 facta

0 1058 6 1084 '¹
50 1081 193 1110 rursus
231 1068 487 1109 frumentum
528 1068 679 1108 viritim
731 1067 907 1107 divisum
963 1081 1058 1109 esse
1097 1070 1197 1110 satis
1234 1084 1443 1124 superque
1484 1085 1536 1113 ex

7 1142 9 1145 ⁴
51 1140 131 1181 ista
177 1140 429 1180 scholiastae
477 1140 744 1180 adnotatione
783 1139 1058 1192 perspicitur:
1108 1141 1188 1181 iam
1239 1154 1338 1182 vero
1380 1142 1535 1184 iterum

52 1211 256 1265 plurimae
287 1211 380 1250 lites
413 1217 581 1251 exortae
611 1216 727 1260 sunt,
769 1210 1172 1263 calumniatoresque
1202 1212 1381 1265 improbi
1412 1214 1483 1267 qui
1510 1227 1534 1255 a

54 1282 222 1322 Cleonis
253 1282 436 1334 partibus
467 1283 643 1331 stabant,
673 1282 773 1322 satis
805 1294 951 1334 magna
981 1287 1175 1334 poterant
1207 1283 1373 1324 licentia
1403 1286 1445 1326 in
1476 1285 1533 1325 ci-

3 1352 5 1354 ’
51 1354 178 1393 vitate
207 1354 398 1405 grassari.
461 1354 516 1394 Et
547 1366 620 1405 per
644 1353 747 1393 istos
777 1353 1118 1403 calumniatores,
1156 1366 1260 1406 quos
1289 1356 1535 1409 Aristopha-

2 1875 11 1894 ⁸.

0 1898 8 1910 1

13 1570 23 1672 i

51 1437 126 1464 nes
155 1425 196 1463 in
228 1423 298 1463 illa
328 1423 468 1463 fabula
498 1437 718 1476 aggressus
749 1428 835 1473 est,
866 1425 1043 1464 maxime
1072 1426 1380 1477 peregrinitatis
1410 1427 1534 1467 alias-

53 1508 133 1548 que
164 1497 253 1536 eius
283 1495 450 1548 generis
480 1495 575 1535 lites
607 1496 804 1536 excitatas
833 1494 986 1546 fuisse,
1025 1495 1116 1549 ipse
1146 1496 1448 1550 Aristophanes
1478 1498 1534 1539 si-

52 1567 222 1621 guificat
250 1566 332 1608 hoc
354 1579 499 1607 versu:

101 1631 248 1678 “Ὠστ’
295 1634 536 1687 ἀναπηδᾶν
581 1632 892 1690 δειμαίνοντας
937 1633 1127 1685 πολλοὺς
1166 1632 1226 1685 ὦς
1279 1636 1358 1678 τὸν
1404 1638 1535 1680 πολέ-

845 1721 1029 1763 μαρχον.

54 1781 140 1822 Iam
171 1780 207 1821 si
236 1792 422 1836 quaeras,
453 1793 559 1834 quae
588 1781 641 1822 sit
669 1781 741 1821 illa
771 1782 1000 1831 comoedia,
1031 1781 1073 1821 in
1099 1793 1178 1833 qua
1197 1781 1366 1821 Cleonis
1397 1782 1535 1824 socios

54 1853 457 1904 calumniatoresque
486 1865 706 1905 aggressus
736 1853 803 1902 sit,
831 1853 896 1892 vix
915 1852 1069 1906 poterit
1099 1865 1190 1892 esse
1219 1851 1404 1904 dubium,
1434 1854 1536 1906 quin

8 1927 10 1929 ’
54 1924 357 1977 Aristophanes
389 1924 432 1964 in
454 1925 687 1978 Vesparum
719 1924 906 1977 parabasi
937 1924 1047 1964 dicat
1075 1923 1305 1975 Holcades,
1336 1938 1442 1977 quae
1471 1924 1534 1966 fa-

0 1997 13 2053 ζζ
53 1995 150 2036 bula
180 2008 204 2035 a
232 1995 404 2035 navibus
443 1996 527 2036 illis
557 1996 758 2055 onerariis
789 2009 939 2036 nomen
979 1995 1161 2048 accepit,
1201 2006 1308 2047 quae
1345 1994 1534 2037 frumeu-

43 2063 141 2107 'tum
179 2066 429 2116 attulerunt,
471 2079 669 2119 quorsum
707 2072 895 2121 spectant
925 2068 995 2108 Fr.
1027 2067 1141 2108 XIV.
1173 2066 1250 2108 XV
1280 2067 1332 2107 al.
1402 2067 1535 2108 Porro

56 2137 374 2178 calumniatores
413 2138 656 2190 perstrinxit
704 2139 747 2179 in
783 2139 863 2180 hac
901 2138 1140 2188 comoedia,
1185 2137 1534 2191 quemadmodum

54 2208 283 2250 Euathlum
312 2209 383 2249 Fr.
416 2210 517 2250 xm
556 2210 820 2263 pertinetque
860 2211 1009 2251 eodem
1036 2209 1262 2250 Clisthenis
1301 2212 1344 2247 et
1372 2208 1534 2248 Strato-

55 2280 119 2320 nis
155 2281 494 2320 commemoratio
532 2280 604 2320 Fr.
642 2280 721 2320 Xll
770 2286 812 2320 et
857 2294 936 2320 vox
981 2275 1212 2326 Φασιανός
1249 2279 1321 2319 Fr.
1359 2278 1534 2323 XXVII.

57 2350 204 2402 Neque
233 2362 332 2389 vero
363 2350 511 2390 Cleoni
541 2349 728 2402 pepercit
765 2350 808 2390 in
839 2350 921 2390 hoc
951 2350 1157 2398 dramate,
1196 2349 1239 2388 id
1271 2349 1381 2401 quod
1419 2361 1534 2390 com-

13 2442 17 2461 :
56 2420 181 2461 mode
217 2420 340 2460 docet
379 2425 523 2460 auctor
559 2421 792 2473 argumenti
830 2421 971 2470 Pacis,
1016 2417 1078 2459 Τὸ
1109 2417 1155 2460 δὲ
1184 2415 1428 2474 κεφάλαιον
1456 2417 1535 2469 τῆς

55 2489 286 2546 κωμῳδίας
326 2489 420 2530 ἐστὶ
467 2488 630 2530 τοῦτο·
696 2486 984 2544 συμβουλεύει
1032 2486 1306 2541 Ἀθηναίοις
1348 2485 1534 2530 σπείσα·

55 2561 175 2602 σθαι
205 2558 313 2616 πρὸς
341 2559 723 2614 Λακεδαιμονίους
758 2561 835 2602 καὶ
873 2558 974 2610 τοὺς
1003 2557 1163 2610 ἄλλους
1182 2554 1421 2611 “Ἐλληνας.
1479 2558 1531 2602 οὗ

55 2630 186 2672 τοῦτο
233 2632 279 2672 δὲ
327 2626 468 2685 μόνον
513 2628 620 2688 ὑπὲρ
667 2627 839 2687 εἰρήνης
892 2628 1228 2687 Ἀριστοφάνης
1282 2631 1334 2673 τὸ
1383 2629 1533 2687 δρᾶμα

58 2702 256 2743 τέθεικεν
279 2734 292 2754 ,
342 2700 459 2744 ἀλλὰ
517 2703 593 2744 καὶ
649 2701 751 2751 τοὺς
789 2699 1022 2758 Ἀχαρνεῖς
1070 2703 1145 2744 καὶ
1193 2690 1295 2752 τους
1346 2699 1533 2754 Ἱππέας

56 2773 133 2815 καὶ
173 2769 419 2827 Ὄλκὰὃας,
471 2775 548 2816 καὶ
590 2772 821 2829 πανταχοῦ
868 2773 1000 2816 τοῦτο
1051 2770 1310 2826 ἐσπούδακε,
1358 2772 1437 2816 τὸν
1483 2774 1531 2817 δὲ
