1716 3164
189 170 273 210 984
563 169 566 176 ⁷
699 166 1106 208 ARISTOPHANIS

192 280 494 321 commendaret
536 278 710 326 civibus,
754 277 937 317 exhibuit
977 277 1202 329 Agricolas.
1274 278 1489 330 Agricolae
1533 280 1639 318 enim

193 349 317 391 Attici
347 347 547 387 continuis
578 347 990 386 Lacedaemoniorum
1028 345 1323 386 incursionibus
1353 348 1533 398 graviter
1572 361 1640 386 ve-

197 418 295 466 xati,
325 422 371 456 ut
399 417 561 456 tandem
591 417 805 467 aliquando
847 430 869 455 a
901 417 996 455 belli
1037 415 1328 454 calamitatibus
1357 416 1641 464 liberarentur,

197 486 413 538 optabant:
444 487 484 525 id
514 486 622 537 quod
637 485 930 536 Aristophanes
961 485 1143 536 plurimis
1175 484 1272 522 locis
1301 484 1471 524 indicat:
1502 486 1544 524 hi
1573 497 1643 524 au-

197 559 304 603 tem,
355 556 543 606 quoniam
584 556 824 606 plerumque
866 555 1008 606 procul
1045 555 1094 592 ab
1132 554 1234 592 urbe
1270 553 1389 591 vitam
1428 549 1643 604 degebant,

199 625 316 676 operi
343 624 494 663 rustico
532 624 698 672 intenti,
738 623 868 662 minus
900 623 1074 661 novitiae
1105 622 1340 673 disciplinae
1370 623 1462 662 tabe
1491 621 1645 670 infecti,

200 693 404 744 antiquam
443 706 600 732 morum
638 692 912 742 integritatem
946 691 1179 738 servabant,
1224 691 1360 742 itaque
1399 703 1447 729 eo
1485 691 1647 730 nomine

201 763 366 813 saepius
395 763 610 802 laudantur
648 775 670 799 a
702 761 863 799 comicis
894 761 1036 810 poetis.
1102 760 1183 798 Sed
1228 760 1446 812 Euripides
1485 771 1647 810 quoque

199 831 243 869 in
282 831 430 869 Oreste
482 843 519 870 v.
559 832 642 869 920
695 830 812 869 dixit:
860 823 1023 874 ”Αλλος
1064 825 1116 864 δ’
1156 822 1349 874 ἀναστὰς
1386 826 1497 879 ἔλεγε
1534 822 1642 881 τῷδ’

200 895 394 947 ἐναντία,
427 897 595 953 Μορφῇ
621 899 700 950 μὲν
731 892 808 936 οὐκ
837 891 1022 944 εὐωπός,
1051 892 1244 949 ἀνδρεῖος
1274 891 1323 934 δ’
1356 892 1490 949 ἀνήρ,
1523 892 1648 935 Ὀλι-

200 962 320 1018 γάκις
350 963 460 1006 ἄστυ
488 963 673 1020 κάγορᾶς
698 962 890 1019 χραίνων
919 953 1094 1013 κύκλον,
1126 961 1395 1018 Αὐτουργός,
1425 960 1547 1018 οἵπερ
1575 965 1650 1004 καὶ

200 1031 329 1087 μόνοι
367 1031 550 1084 σώζουσι
587 1033 687 1086 γῆν,
728 1031 910 1081 Ξυνετός
949 1032 993 1073 δὲ
1030 1035 1182 1087 χωριῖν
1215 1030 1346 1085 ὁμόσε
1384 1034 1471 1080 τοῖς
1507 1029 1650 1084 λόγοις

199 1104 351 1144 θέλων
376 1101 620 1156 ’Λκὲραιος,
650 1100 942 1152 ἀνεπίληπτον
971 1098 1165 1151 ἠσκηκώς
1194 1098 1311 1154 βίον.
1368 1105 1423 1143 Et
1451 1104 1649 1154 agricolas

201 1176 456 1227 potissimum
487 1175 584 1213 dicit
611 1174 720 1212 idem
751 1177 870 1224 poeta
900 1174 939 1212 in
969 1173 1247 1224 Supplicibus:
1279 1185 1370 1211 nam
1401 1172 1471 1211 ubi
1502 1184 1538 1210 ν.
1569 1172 1648 1210 231

203 1245 373 1283 iuvenes
402 1243 567 1283 honoris
599 1242 779 1292 bellique
809 1241 978 1292 cupidos
1009 1242 1233 1280 detestatus
1265 1245 1378 1280 erat:
1399 1235 1508 1293 ΔΒίῳ
1537 1252 1651 1291 παρ-

201 1310 350 1350 ελθών
388 1310 521 1358 θεοὺς
556 1305 781 1355 ἀπώλεσας
811 1306 958 1360 πόλιν,
1000 1308 1130 1355 Νέοις
1166 1306 1427 1361 ταραχθείς,
1465 1301 1511 1346 οἵ
1543 1319 1653 1355 τινες

203 1376 438 1433 τιμώμενοι
481 1375 723 1433 Χαὶρουσι,
761 1377 974 1430 πολέμους
1013 1375 1053 1416 τ’
1096 1373 1335 1427 αύξάνουσ’
1380 1373 1481 1415 ἄνευ
1519 1374 1652 1425 δίκης,

209 1446 479 1502 Φθεὶροντες
499 1444 673 1497 ἀστούς,
705 1444 728 1486 ὁ
744 1448 823 1500 μὲν
838 1440 953 1494 ὅπως
976 1444 1261 1502 στρατηλατῇ,
1289 1441 1332 1484 Ὁ
1363 1444 1387 1485 δ
1400 1441 1411 1455 '
1431 1442 1487 1493 ώς
1503 1439 1654 1501 ὑβρῖζῃ

206 1515 394 1571 δύναμιν
431 1517 472 1564 ἐς
506 1518 652 1569 χεῖρας
691 1511 864 1568 λαβών,’
901 1512 1065 1562 ”Αλλος
1103 1514 1148 1555 δὲ
1175 1514 1348 1570 κέρδους
1383 1507 1539 1564 οὕνεκ’,
1576 1511 1654 1554 οὐκ

204 1582 469 1626 ἀποσκοπῶν
490 1583 550 1624 Τὸ
580 1584 755 1633 πλῆθος
783 1583 827 1623 εἴ
842 1597 883 1623 τι
906 1580 1143 1635 βλάπτεται
1167 1581 1334 1638 πάσχον
1356 1580 1472 1635 τάδε,
1505 1586 1653 1625 deinde

206 1659 368 1709 pergitx
405 1655 523 1708 Τρεῖς
552 1651 633 1707 γὰρ
663 1651 850 1693 πολιτῶν
877 1650 1063 1706 μερίδες·
1101 1653 1142 1692 οἱ
1171 1655 1250 1706 μὲν
1289 1650 1431 1705 ὄλβιοι
1454 1651 1655 1706 Ἀνωᾳε-

205 1724 291 1772 λεῖς
318 1738 363 1764 τε
394 1721 603 1764 πλειόνων
631 1719 760 1776 ἐρῶσ’
790 1718 884 1760 ἀεί·
931 1719 984 1760 Οἱ
1014 1717 1061 1759 δ’
1098 1720 1173 1761 οὐκ
1203 1720 1366 1776 ἔχοντες
1393 1722 1467 1762 καὶ
1497 1722 1657 1763 σπανί-

207 1793 348 1844 ζοντες
393 1791 493 1846 βίον
530 1790 696 1842 Δεινοί,
730 1790 928 1843 νέμοντες
968 1789 1025 1848 τῷ
1064 1787 1225 1847 φθόνῳ
1264 1791 1410 1831 πλεῖον
1439 1791 1565 1845 μέρος
1591 1788 1655 1838 Ἐς

205 1862 307 1911 τοὺς
336 1860 511 1916 ἔχοντας
540 1857 678 1914 κέντρ’
700 1858 884 1914 α’ᾳιᾶσιν
901 1857 1026 1910 κακά,
1058 1857 1290 1907 Γλώσσαις
1323 1860 1522 1915 πονηρῶν
1552 1874 1656 1914 προ·
1708 1857 1713 1859 ’

208 1931 381 1972 στατῶν
411 1928 691 1985 φηλούμενοι,
728 1928 900 1985 Τριῶν
937 1928 992 1968 δὲ
1029 1928 1234 1983 μοιρῶν
1266 1926 1290 1978 ἡ
1323 1926 1364 1968 ’ν
1391 1930 1508 1985 μέσῳ
1537 1926 1654 1978 σώζει

207 1998 377 2050 πόλεις,
424 1998 604 2052 Κόσμον
642 1995 919 2051 ᾳυλάσσουσ’
959 1991 1097 2037 ὅντιν’
1130 1993 1188 2036 ἂν
1225 1995 1331 2053 τάξῃ
1369 1995 1505 2046 πόλις.
1574 2001 1657 2040 lam

207 2074 330 2124 poeta
359 2070 519 2109 videtur
548 2070 735 2109 similiter
775 2082 863 2108 rem
892 2069 1116 2108 instituisse
1154 2072 1275 2119 atque
1314 2069 1354 2108 in
1384 2069 1658 2109 Acharnensi-

208 2141 306 2189 bus,
346 2145 391 2178 ut
428 2140 632 2190 agricolae
671 2137 767 2176 belli
810 2138 1010 2176 continuis
1050 2138 1256 2177 laboribus
1300 2137 1454 2177 defessi
1494 2139 1658 2177 tandem

209 2211 288 2261 ipsi
328 2209 510 2248 inducias
539 2207 723 2246 facerent
754 2219 843 2246 cum
881 2207 1088 2255 hostibus,
1129 2213 1169 2246 et
1199 2219 1299 2258 pace
1326 2208 1514 2246 restituta
1543 2207 1658 2245 laeti-

210 2280 295 2318 tiae
326 2279 611 2328 indulgerent,
641 2276 681 2314 id
713 2275 819 2326 quod
851 2276 1047 2326 reliquiae
1077 2277 1330 2315 confirmant.
1387 2277 1446 2314 De
1475 2279 1661 2326 tempore

210 2352 370 2396 autem,
401 2351 493 2399 (μισ
510 2345 648 2384 fabula
678 2345 796 2382 docta
826 2357 915 2384 esse
946 2345 1152 2393 videatur,
1178 2345 1245 2383 diu
1276 2344 1421 2383 dubius
1450 2345 1660 2392 haesitavi,

208 2430 317 2458 nunc
356 2429 451 2455 vero
489 2415 652 2453 omnino
691 2414 894 2453 contendo
946 2415 1140 2465 scriptam
1181 2427 1272 2453 esse
1313 2427 1391 2468 non
1442 2414 1496 2452 ita
1534 2414 1659 2452 multo

208 2490 302 2538 post
342 2484 643 2535 expeditionem
683 2484 732 2522 ad
771 2483 1068 2534 Sphaoteriam.
1139 2483 1323 2534 Namque
1365 2483 1432 2521 Fr.
1465 2482 1481 2520 1
1521 2481 1661 2520 Niciae

210 2554 514 2593 cunctabundus
551 2537 706 2591 animus
742 2553 901 2592 ridetur
942 2552 997 2590 ita
1033 2565 1056 2590 a
1084 2557 1230 2603 poeta,
1267 2554 1312 2590 ut
1351 2551 1465 2588 illum
1503 2550 1662 2601 insigne

213 2623 378 2673 aliquod
408 2622 678 2662 verecundiae
709 2622 997 2661 documentum
1029 2621 1206 2660 edidisse
1236 2632 1400 2659 necesse
1437 2621 1513 2658 sit:
1543 2624 1663 2670 atque

212 2691 264 2734 de
294 2691 431 2731 Sicula
461 2692 624 2746 quidem
654 2691 913 2744 expeditione
942 2690 1099 2742 cogites
1131 2701 1247 2736 cave,
1270 2699 1375 2727 nam
1417 2689 1519 2728 aliae
1549 2701 1663 2741 pror-
