1716 3164
541 161 810 210 FABULAE
842 161 1148 208 INGERTAE.
1473 165 1586 211 1219

734 275 957 318 CCXLVI.

22 387 23 414 3
209 364 513 406 Grammaticus
550 364 804 405 Bachmanni
837 364 854 403 Ι
890 377 931 416 p.
961 365 1045 406 360
1077 368 1155 408 26:
1199 363 1577 409 Σαικωνίσοιι·

19 480 21 498 ἶ
96 435 355 486 κινηθῆναι.
411 430 761 489 Ἀριστοφάνης.
820 435 979 476 Eadem
1010 437 1138 478 habet
1167 438 1339 480 Photius
1364 453 1404 493 p.
1421 440 1509 481 496
1539 441 1581 492 7,

15 519 19 570 j
96 510 168 549 ubi
197 505 461 559 σαικονῆσαι
489 508 703 560 scriptum.

717 576 962 642 cchvu.

209 685 386 725 Photius
416 697 456 736 p.
478 683 561 723 503
593 683 646 722 19
678 686 721 722 et
752 681 1055 721 Grammaticus
1085 682 1126 721 in
1147 682 1401 724 Bachmanni
1419 685 1578 727 Anecd.

9 740 12 795 ἶ
98 757 184 810 lp.
216 757 299 796 362
329 756 406 795 31:
447 751 599 793 Σεΐν·
642 749 691 791 τὸ
730 746 967 805 λεγόμενον
1005 752 1094 799 τοῖς
1136 749 1333 800 παιδίοις
1377 748 1463 793 ὑπὸ
1491 752 1580 795 τῶν

6 871 7 876 ,
95 824 290 882 τροφῶν,
328 817 439 865 ὅταν
476 819 590 864 αὐτοὶ
633 817 883 877 βούλωνται
923 819 1122 876 οὐρῆσαι.
1191 815 1329 872 οὕτως
1366 819 1578 882 Ἀριστο-

5 892 7 926 f
95 893 252 954 φάνης.

705 950 966 993 CCXLVIII.

206 1039 467 1092 Hesychius:
508 1034 721 1091 Σέριςιος·
765 1030 1100 1089 Ἀριστοφάνης
1143 1030 1224 1085 τήν
1252 1035 1577 1092 Λακεδαίμονα

91 1108 354 1166 Σέριφον.
428 1109 602 1150 Photius
646 1123 685 1162 p.
716 1107 802 1148 506
839 1107 916 1147 24:
961 1105 1182 1160 Σέριφον·
1229 1102 1312 1156 τὴν
1354 1107 1578 1150 Λακεδαί-

90 1194 234 1236 μονα,
278 1176 353 1220 διὰ
396 1177 446 1219 τὸ
476 1176 671 1232 σκληρῶς
701 1175 791 1227 ζῆν.
851 1177 927 1217 καὶ
952 1174 1150 1232 χρησμὸς
1180 1174 1331 1227 αὐτοῖς
1361 1178 1576 1231 ἐξέπεσεν.

94 1254 238 1306 Itaque
276 1252 457 1292 vaticinii
504 1250 718 1291 cuiusdam
757 1261 994 1290 sermonem
1023 1255 1192 1291 secutus
1222 1250 1387 1292 videtur
1415 1253 1577 1295 Aristo-

91 1324 249 1378 phanes
280 1323 633 1364 Lacedaemonem
665 1322 897 1374 appellasse
928 1319 1168 1374 Seriphum.

597 1434 805 1476 CCXLIX
835 1458 890 1465 —-
921 1435 1062 1476 com.

201 1521 377 1561 Photius
407 1534 448 1574 p.
479 1519 564 1560 518
602 1522 654 1561 2:
713 1515 1199 1561 Σκελετεύεσθαι·
1261 1515 1574 1575 ξηραίνεσθαι.

87 1586 431 1646 Ἀριστοφάνης.
488 1617 545 1623 -
605 1592 719 1632 ldem
751 1606 790 1645 p.
823 1591 908 1631 520
940 1592 995 1631 12
1035 1596 1077 1631 et
1109 1592 1410 1635 Grammaticus
1440 1594 1574 1634 Bach-

91 1664 228 1704 mauni
259 1664 276 1703 1
306 1677 347 1716 p.
378 1664 461 1703 366
493 1664 570 1703 10:
613 1656 993 1715 Σκιμβάζειν·
1023 1658 1231 1715 χωλεύειν
1270 1664 1346 1705 καὶ
1386 1658 1573 1710 ἀσκωλί-

91 1732 188 1783 ζειν.
228 1730 278 1773 τὸ
308 1729 416 1772 αὐτὸ
446 1731 590 1774 τοῦτο.
630 1725 768 1782 οὕτως
794 1728 1144 1788 Ἀριστοφάνης.
1185 1757 1235 1766 -
1270 1737 1386 1777 Idem
1417 1749 1458 1789 p.
1488 1734 1574 1777 524

90 1806 145 1846 5:
181 1802 363 1854 Σκοπὴν
399 1803 475 1844 καὶ
514 1802 703 1845 σκοπιᾶν
743 1803 931 1858 λέγουσι.
988 1804 1066 1845 καὶ
1104 1804 1324 1846 σκοπᾶν
1358 1800 1574 1861 Ἀριστο-

89 1870 246 1932 φάνης.

759 1933 924 1975 CCLII.

200 2018 351 2059 Pollux
380 2019 460 2061 Vll
491 2020 600 2061 148:
648 2016 743 2069 Τὴν
779 2015 825 2058 δὲ
864 2012 1055 2072 σμινύην
1093 2014 1409 2073 σμινύδιον
1442 2012 1572 2073 Ἀρι-

85 2083 312 2144 στοφάνης
339 2086 476 2130 καλεῖ.

738 2147 924 2188 CCLIH.

197 2229 372 2270 Photius
416 2244 457 2283 p.
494 2229 580 2270 532
626 2232 707 2271 16:
765 2224 1143 2282 Σπυρθίζειν·
1190 2224 1242 2268 τὸ
1286 2224 1570 2283 α’νασκιρτᾶν,

86 2291 177 2338 ἀπὸ
208 2295 295 2337 τῶν
324 2294 454 2341 ὄνων.
513 2292 650 2348 οὕτως
675 2295 1026 2354 Ἀριστοφάνης.

742 2413 922 2455 chlv.

201 2496 352 2537 Pollux
382 2495 442 2536 111
483 2496 590 2536 146:
633 2489 969 2552 Ἀριστοφάνης
1011 2494 1058 2536 δὲ
1095 2496 1171 2537 καὶ
1217 2490 1566 2572 στάδιοδρό·
1618 2545 1624 2552 „

85 2580 188 2621 μης
218 2564 372 2621 εἴρηκε.
434 2566 494 2607 lta
524 2567 644 2608 codd.
675 2569 800 2622 vulgo
833 2564 1169 2623 σταδιοδρόμος.

749 2671 909 2714 CCLV-

199 2754 372 2797 Photius
412 2767 455 2808 p.
485 2753 572 2795 535
599 2753 652 2796 5:
696 2750 933 2804 Στάσις·
978 2750 1057 2810 οὐχ
1092 2748 1119 2805 ἡ
1157 2748 1427 2809 φιλονεικία,
1466 2747 1566 2793 ἀλλ’

1192 2826 1249 2866 77
1282 2826 1302 2849 *
