1716 3164
210 152 295 193 748
560 153 777 195 LYSIPPI
807 154 1064 197 FABULAE
1096 156 1396 202 {NCERTAEL

210 264 332 306 etium
360 264 537 317 pultem,
578 275 657 315 qua
686 263 802 304 festis
832 264 1071 307 nauem-um
1101 267 1244 310 diebus
1281 272 1562 322 vescebantur,
1590 286 1655 312 so-

210 333 338 374 larem
371 333 543 385 pultem,
579 327 812 372 ἁλιακόν
851 329 1002 380 ἔτνος
1036 335 1199 377 dixisse.
1237 363 1291 373 -—
1331 342 1400 383 Vs.
1431 342 1458 381 5
1487 337 1654 390 λεύκην.

209 401 419 453 Populeae
448 401 606 442 frondi·
636 403 833 442 memoria
850 416 931 454 quo
962 407 1120 455 spectet
1151 405 1270 446 docet
1298 409 1442 451 allatus
1470 412 1519 451 ab
1536 412 1654 452 Hud-

186 481 310 511 .sono
353 469 573 512 scholiasta
615 471 733 512 Pind.
782 473 943 526 Olymp.
976 474 1053 514 Vll
1101 474 1205 513 147:
1249 470 1272 513 ὁ
1315 474 1540 533 Πίνδαρος
1580 477 1656 519 τὸν

207 533 356 590 ἀγῶνα
380 534 515 596 Ἡλίῳ
542 536 801 594 τελούμενον
827 535 887 589 εἰς
915 538 994 581 τὸν
1027 538 1309 596 Τληπόλεμον
1335 543 1574 600 μετήγαγεν
1601 576 1655 582 -

209 601 494 659 ἀγωνίζονται
531 608 577 649 δὲ
616 608 768 657 παῖδες
806 610 880 650 καὶ
919 606 1084 664 ἄνδρες.
1142 607 1166 651 ὁ
1204 611 1251 652 δὲ
1287 614 1502 669 στέφανος
1530 614 1653 668 λεύκη

208 673 395 718 δίδοται.
470 681 590 733 Quod
620 682 764 721 eodem
795 693 913 721 versu
943 681 1094 733 legitur
1123 681 1291 737 πραέως
1322 686 1499 728 Naekius
1526 688 1655 728 inter-

204 752 392 800 pretatur
418 750 695 802 gemiitlzlich,
716 750 916 790 suaviter.
960 774 1015 783 —
1058 751 1128 792 Vs.
1156 753 1184 791 8
1213 754 1318 793 ludit
1345 755 1386 795 in
1416 751 1654 810 ἀποκαρτε-

203 815 296 871 ρεῖν
332 822 375 858 et
410 818 647 873 καρτερεῖν,
688 824 733 859 ut
763 820 970 860 Timocles
1007 820 1210 861 Athenaei
1239 823 1294 864 vl
1324 837 1364 876 p.
1394 826 1539 866 24οε.
1576 821 1653 866 οὐκ

203 882 522 942 ἀπεκαρτέρησε
551 885 634 943 γὰρ
663 886 832 937 ἐκεῖνος,
861 883 961 927 ἀλλ’
992 885 1260 945 ἐκαρτέρησ’,
1287 905 1318 929 ω
1352 892 1547 946 φίλτατε,
1578 891 1653 935 πί-

203 966 304 999 νων.
333 983 389 991 -
418 959 488 1000 Vs.
518 960 544 999 9
570 961 822 1012 καταχεῖται
849 959 1124 1001 Hermannus.
1160 961 1294 1014 Vulgo
1323 960 1528 1006 καλεῖται.
1574 967 1652 1007 Ca-

202 1029 406 1070 uubanus
434 1027 667 1082 κακχεῖται.

889 1112 964 1152 ΙΙΙ.

335 1191 475 1236 Ἀλλὰ
505 1193 646 1251 δᾷδας
674 1191 869 1249 ἡμμένας
897 1193 995 1248 ἐμοὶ
1025 1189 1138 1233 δότω
1168 1206 1232 1242 τις
1260 1191 1461 1248 ἔνδοθεν,

335 1279 411 1320 καὶ
439 1275 591 1335 κόρους
620 1276 824 1327 πλεκτοὺς
853 1274 1104 1333 ἀκραιφνεῖς
1132 1276 1352 1333 μυρρίνης.

307 1393 488 1448 Etymol.
518 1392 579 1433 M.
609 1404 650 1445 p.
678 1391 759 1431 531
789 1390 859 1431 54.
898 1385 1168 1444 Κορυθάληε
1204 1385 1232 1440 ἡ
1269 1386 1353 1444 πρὸ
1380 1387 1466 1430 τῶν
1495 1389 1648 1444 θυρῶν

194 1459 406 1515 τιθεμένη
435 1456 610 1515 δάφνη,
637 1452 706 1501 ὅτι
731 1458 776 1499 οὶ
802 1455 973 1510 κλάδοι,
1004 1454 1078 1508 οὕς
1105 1456 1257 1515 κόρους
1286 1458 1486 1511 καλοῦσι,
1526 1456 1646 1499 θάλ-

192 1529 359 1583 λουσιν,
386 1527 444 1580 ὠς
472 1531 546 1572 καὶ
563 1527 824 1584 Χρύσιππος
851 1525 995 1584 Ἀλλὰ
1025 1526 1164 1585 δᾷδας
1192 1525 1391 1583 ἡμμένας
1417 1527 1505 1570 κτλ,
1566 1530 1645 1570 Le-

192 1603 367 1656 gebatur
394 1614 481 1654 μου
511 1606 552 1642 et
581 1598 823 1654 ἁκραπνεῐς.
893 1600 1080 1640 Correxit
1106 1601 1445 1640 Hemsterhusius
1474 1600 1525 1639 ad
1551 1600 1644 1640 Ari-

191 1672 402 1723 stephanis
441 1672 547 1711 Plut.
589 1671 713 1710 1195.
783 1671 827 1710 In
870 1670 1056 1708 Gudiano
1087 1671 1222 1722 Etym.
1253 1683 1294 1722 p.
1324 1669 1406 1708 338
1436 1669 1488 1708 15
1525 1681 1643 1721 prae-

190 1745 306 1780 terea
335 1737 472 1779 ἔνθεν
490 1753 566 1793 pro
595 1736 784 1779 ἔνδοθεν
813 1735 1077 1791 εῐμυρρίνας
1105 1752 1179 1791 pro
1195 1735 1404 1792 μυρρίνης
1431 1738 1641 1790 scriptum.

189 1811 422 1864 Chrysippo
454 1811 621 1864 Lysippi
650 1823 799 1851 nomen
830 1808 1156 1850 substituendum
1194 1809 1323 1849 videri
1358 1809 1496 1848 monui
1533 1808 1640 1848 Hist.

188 1880 279 1921 crit.
308 1894 350 1934 p.
378 1882 474 1922 216.

876 1964 945 2005 1v.

1005 2041 1140 2086 Κύων
1169 2043 1215 2085 δέ
1245 2058 1310 2093 τις

439 2126 546 2184 ἐβόα
575 2128 803 2184 δεδεμένος
859 2131 877 2153 *
935 2134 953 2155 *
1009 2123 1154 2185 ὥσπερ
1179 2124 1381 2175 Βούδιος

298 2245 546 2298 Hesychius,
575 2242 619 2283 B
629 2238 722 2283 οιδ
731 2257 746 2282 ι
759 2255 836 2289 ος
869 2237 987 2295 παρὰ
1015 2237 1233 2296 Λυσίππῳ
1263 2236 1312 2279 τὸ
1342 2234 1482 2299 ὄνομα
1503 2231 1636 2276 Κύων

187 2312 234 2354 δέ
263 2327 328 2362 τις
357 2310 465 2367 ἐβόα
493 2312 716 2366 δεδεμένος
743 2305 889 2366 ὥσπερ
918 2307 1119 2359 Βούδιος.
1178 2308 1385 2356 Σέλευκος
1415 2302 1635 2347 ἀποδίδω-

186 2396 258 2425 σιν
285 2379 452 2440 α’φρων,
482 2380 679 2434 ἀνόητος.

897 2461 948 2502 V.

295 2554 466 2594 Photius
494 2567 536 2607 p.
561 2552 644 2592 498
672 2551 712 2592 3.
742 2543 953 2602 Σάμακαι
981 2543 1309 2602 Ἐρατοσθένης
1337 2539 1527 2584 ἀπέδωκε
1557 2539 1633 2582 τὸν

186 2618 372 2678 φορμόν.
427 2618 605 2674 ἄμεινον
640 2619 687 2660 δὲ
721 2616 799 2659 τὸν
837 2614 1007 2668 τοξικόν
1043 2612 1253 2672 κάλαμον.
1314 2608 1425 2655 οὕτω
1459 2607 1631 2656 ’Λύσιπ-
1715 2633 1716 2644 ¹

184 2706 277 2742 πος.
335 2692 441 2736 Vide
469 2704 592 2746 supra
621 2704 662 2746 p.
689 2690 731 2731 5.
