1716 3164
522 741 1356 803 DEMETRIUS.

666 848 794 895 (Hist.
824 847 913 887 crit.
943 846 1078 900 p.264
1108 847 1217 898 sqq.)

582 1121 1296 1171 ΣΙΚΕΛΙΑ.*)

930 1245 960 1284 1.

376 1325 581 1369 Ἐκεῖθεν
609 1320 667 1374 εἰς
694 1323 774 1376 τὴν
793 1301 996 1366 Ἰταλίαν
1024 1321 1167 1381 ἀνέμῳ
1195 1318 1306 1378 νότῳ

382 1406 639 1464 διεβάλομεν
665 1406 715 1450 τὸ
743 1408 927 1463 πέλαγος
953 1404 1013 1457 εἰς
1043 1404 1342 1456 Μεσσαπίους,

371 1490 535 1548 ’Ἀρτος
566 1488 610 1533 δ’
643 1489 878 1546 ἀναλαβών
904 1490 1089 1543 ἐξένισεν
1117 1487 1230 1547 ἡμᾶς
1256 1486 1408 1538 καλῶς.

359 1576 499 1631 ,ξένος
527 1591 573 1631 γε
598 1575 762 1633 χαρίεις
790 1567 844 1627 ἦν
872 1575 959 1617 ἐκεῖ
981 1575 1115 1630 μέγας
1140 1574 1214 1617 καὶ
1242 1569 1452 1628 λαμπρός.

330 1690 565 1732 Athenaeus
596 1690 651 1731 111
681 1690 815 1744 p.108
827 1689 866 1729 f:
893 1681 1152 1743 μνημονεύει
1182 1683 1234 1725 δ’
1263 1681 1399 1726 αὐτοῦ
1427 1683 1557 1736 (Atti)
1586 1680 1661 1723 καὶ

214 1754 458 1815 Δημήτριος
494 1755 516 1799 ὁ
554 1756 879 1814 κωμῳδιοποιὸς
923 1757 968 1798 έν
1006 1756 1065 1814 τῷ
1101 1754 1431 1811 ἐπιγραφομένῳ
1471 1749 1661 1808 δράματι

211 1826 389 1870 Σικελία
404 1826 477 1869 διὰ
488 1825 653 1869 τούτων
677 1824 879 1869 Ἐκεῖθεν
893 1822 952 1876 εἷς
970 1824 1049 1877 τὴν
1062 1825 1151 1868 κτλ.
1212 1826 1284 1870 νε.
1301 1827 1323 1866 1
1353 1819 1558 1865 κάκεῖθεν
1571 1824 1658 1866 VL.

211 1897 359 1940 κεῖθεν
387 1900 507 1940 ΑΒΡ.
564 1900 706 1952 ltaque
736 1897 905 1938 ἐκεῖθεν
941 1900 1200 1940 scribendum
1228 1897 1380 1950 putavi.
1427 1919 1495 1945 --*
1529 1895 1601 1936 Vs·
1630 1894 1658 1932 2

211 1970 247 2011 P
277 1964 574 2020 διεβάλλομεν.
631 1994 686 2001 -
746 1970 815 2011 Vs.
846 1970 873 2008 8
900 1982 974 2022 pro
996 1964 1160 2021 ”Αρτος
1188 1966 1294 2008 ΑΒΡ
1324 1959 1470 2010 αὐτὸς.
1526 1957 1656 2016 ἄρτος

210 2040 247 2081 P
274 2040 318 2080 in
346 2051 474 2090 marg.
530 2037 685 2077 Ibidem
713 2035 897 2087 ἐξένισεν
924 2039 971 2079 P.
1000 2035 1175 2087 ἐξένιζεν
1201 2037 1285 2078 ΑΒ.
1313 2029 1458 2084 ἐξένιζ
1486 2032 1573 2074 VL.
1599 2055 1657 2064 —-

210 2110 285 2152 Vn.
313 2108 342 2148 4
385 2106 550 2147 exhibui
579 2110 624 2146 ut
651 2107 802 2159 legitur
830 2108 872 2148 in
902 2108 987 2156 AP,
1018 2107 1094 2147 nisi
1123 2105 1234 2159 quod
1264 2106 1296 2145 P
1325 2104 1368 2145 in
1395 2104 1480 2144 fine
1507 2102 1658 2141 iterum

210 2179 335 2220 habet
360 2164 429 2226 ἦν,
459 2176 567 2228 quod
597 2175 750 2216 addunt
780 2178 901 2217 etiam
918 2177 1002 2218 VL.
1042 2177 1122 2216 Pro
1153 2187 1197 2226 γε
1216 2175 1250 2214 Β
1279 2174 1404 2213 habet
1431 2169 1491 2211 δέ.
1523 2169 1657 2221 Vulgo

212 2246 330 2298 ξένος
353 2240 515 2301 χαρίεις
544 2243 632 2284 ἐκεῖ
649 2244 787 2322 μέγας
823 2244 897 2284 καὶ
926 2239 1137 2298 λαμπρός.
1203 2242 1439 2283 Dindorfius
1477 2239 1657 2291 suspica-

213 2323 300 2366 tur,
339 2314 456 2366 ξένος
484 2312 530 2352 δε
553 2311 716 2367 χαρίεις
746 2310 799 2362 ἠν
828 2312 984 2361 ἐκεῖνος
1020 2312 1092 2353 καὶ
1121 2310 1277 2366 μέγας,
1314 2310 1416 2364 Ικαὶ
1444 2303 1654 2362 λαμπρός.

212 2387 421 2428 Dobraeus
458 2385 560 2425 Adv.
593 2385 632 2423 11
671 2398 710 2437 p.
742 2385 826 2424 302
863 2385 974 2424 hunc
1013 2395 1174 2423 versum
1212 2378 1330 2422 alleri
1375 2377 1657 2420 interlocutori

212 2455 418 2494 tribuens.
449 2451 566 2503 ξένος
596 2465 641 2504 γε
666 2449 843 2505 χαρίεις.
873 2467 900 2501 η
930 2452 1064 2506 μέγας
1093 2451 1166 2491 καὶ
1196 2446 1392 2504 λαμπρὸς
1421 2445 1497 2499 ἠν;
1525 2448 1589 2487 vel
1617 2439 1659 2484 εἰ

211 2521 344 2576 μέγας
383 2520 458 2561 καὶ
493 2517 690 2576 λαμπρὸς
729 2518 797 2571 ἠν.
863 2523 925 2564 De
953 2523 1053 2564 Arto
1085 2521 1237 2574 regulo
1267 2519 1563 2572 Messapiorum
1593 2515 1656 2556 cfr

212 2593 319 2634 nist.
351 2594 440 2633 crit.
469 2606 510 2645 p.
539 2592 634 2633 265.

303 2729 337 2773 ”)
361 2729 400 2764 V.
424 2729 512 2764 Hist.
536 2730 612 2767 orit.
635 2742 666 2775 p.
691 2727 771 2765 265.

274 2821 298 2833 Q
