1716 3164
500 159 766 202 FABULAE
799 159 1104 202 {mama
1437 162 1547 204 1201

89 277 144 302 Ἀ
697 300 706 305 -
747 273 861 315 CIII.

211 351 303 397 Οὐκ
333 352 472 409 ἔσται,
502 355 748 411 κενὲβρειον
776 349 888 396 ὅταν
916 351 1068 412 θύσῃς
1097 369 1157 407 τι,
1182 355 1332 398 καλεῖν
1349 368 1426 411 με.

175 448 400 490 Erotianus
430 462 471 502 p.
502 449 611 489 2012
651 446 918 501 Κενέβρεια·
948 442 1005 486 τὰ
1033 448 1264 503 νεκριμαῖα
1296 447 1401 504 κρέα
1430 440 1546 488 οὕτω

60 516 323 571 καλοῦνται,
363 514 422 567 ὥς
459 518 535 558 καὶ
573 513 912 574 Ἀριστοφάνης
958 513 1047 558 Οὐκ
1085 514 1197 559 ἔσθ’
1241 514 1269 559 ὃ
1301 517 1545 573 κενὲβρειον

60 581 172 629 ὅταν
203 583 321 645 θύῃς
349 585 416 639 τί,
455 586 585 629 καλεῖ
605 602 672 642 με.
741 589 974 630 Scholiasta
1004 591 1152 631 Avium
1186 604 1224 631 v.
1254 590 1362 631 538:
1403 587 1544 629 Κενε-

61 657 244 713 βρείων·
276 656 331 699 τὰ
360 658 617 713 θνησιμαῖα
648 658 751 714 κρέα
782 651 920 707 οὕτως
950 654 1148 702 ἐκάλουν.
1199 654 1289 700 Οὐκ
1317 655 1443 700 ἔσται
1472 672 1543 699 κε-

60 729 235 784 νὲβριον
263 722 374 770 ὅταν
402 724 543 786 θύσῃ.
603 731 794 772 Correxit
827 730 1088 781 Dindorfius,
1130 731 1207 772 nisi
1238 731 1349 784 quod
1378 730 1542 783 scripsit

59 798 226 857 θύσῃ.
274 802 471 843 Ceterum
503 802 719 843 Atticistae
749 802 885 843 minus
901 802 1131 854 probabant
1160 814 1280 843 usum
1311 801 1437 841 huius
1467 813 1541 841 vo·

60 873 210 923 cabuli,
243 873 338 913 vide
369 871 652 925 Phrynichum
683 873 813 913 Bekk.
843 872 1000 913 Anecd.
1033 872 1052 912 1
1082 886 1123 926 p.
1155 873 1211 913 43
1241 873 1320 913 17:
1355 865 1542 919 Θνησεί·

59 941 157 984 διον
183 940 354 996 μᾶλλον
382 941 538 999 ῥητέον
568 936 596 991 ἢ
624 940 847 997 κενὲβριον
878 941 1176 995 (κενέβρειον).

744 1041 850 1084 CIV.

318 1123 373 1167 Τι’
402 1123 485 1182 γὰρ
516 1124 589 1166 ἐπὶ
617 1121 892 1180 κακότροπον
922 1121 1129 1180 ἐμόλετον
1159 1122 1260 1178 βίον

307 1206 618 1266 ἀδικομηχάνῳ
646 1209 797 1267 τέχνῃς

169 1302 468 1344 Grammaticus
498 1303 679 1342 Bekkeri
709 1316 749 1355 p.
773 1301 859 1342 343
887 1301 966 1342 21:
994 1294 1380 1354 Ἀδικομὴχανος·
1412 1294 1539 1355 Ἀρι-

56 1369 282 1428 στοφάνης
319 1369 372 1411 Τί
404 1369 487 1426 γὰρ
516 1370 606 1412 κτλ.

163 1433 172 1438 ’
744 1429 830 1470 CV.

253 1509 331 1561 Τίς
361 1508 465 1567 ὄρεα
497 1507 745 1566 βαθύκομα
777 1507 883 1551 τάδ’
911 1510 1095 1552 ἐπέσυτο
1126 1510 1311 1566 βροτῶν.

166 1599 427 1653 Hephaestio
459 1612 499 1651 p.
523 1598 580 1638 48
611 1598 676 1638 ed.
709 1598 864 1638 Gaisf.:
903 1593 963 1636 Τὸ
995 1592 1423 1651 προκελευσματικόν
1454 1590 1535 1636 ὑπ’

54 1664 181 1709 ἐνίων
209 1666 503 1723 καλούμενον,
545 1659 642 1707 οἷον
673 1666 721 1708 τό
752 1663 1043 1722 τετράμετρον
1073 1666 1203 1708 τοῦτο
1236 1665 1285 1709 τὸ
1321 1663 1539 1723 Ἀριστο-

54 1734 240 1795 φάνειον
274 1737 351 1787 Τίς
384 1735 488 1794 ὄρεα
518 1737 610 1780 κτλ.
737 1795 830 1836 CVI

220 1873 432 1933 ‘Pripwttoi
463 1891 507 1918 τε
537 1876 696 1932 κομψά
726 1877 802 1918 καὶ
832 1874 1011 1931 παίγνι’
1041 1874 1340 1919 ἐπιδεικνύναι

220 1958 354 2006 πάντ’
387 1958 466 2004 ἀπ’
499 1959 786 2019 ἀκροφυσίων
813 1958 929 2004 κάπὸ
958 1961 1307 2018 κιναβευμὰτων.

166 2049 383 2090 Suidaset
413 2050 713 2090 Grammaticus
742 2050 923 2089 Bekkeri
952 2063 993 2102 p.
1025 2049 1109 2090 415
1138 2051 1222 2089 29:
1255 2042 1376 2087 Ἀπ’
1405 2043 1536 2102 ἀκρο-

50 2114 223 2174 φυσίων
252 2115 408 2172 λόγους
436 2115 730 2160 ἐνδεικνύναι·
761 2118 897 2159 οἱονεὶ
924 2116 1103 2167 καινοὺς
1130 2118 1205 2159 καὶ
1236 2115 1535 2167 νεοποιήτους.

48 2185 380 2244 ’Λριστοφάνης
417 2185 630 2244 ςΡήματοὲ
666 2203 709 2229 τε
749 2187 840 2230 κτλ.
908 2191 1146 2242 Legebatur
1185 2188 1259 2228 καὶ
1313 2186 1400 2228 τῶν
1446 2183 1535 2227 ἀπὸ

52 2255 426 2311 κινναβευμάτων.
490 2261 610 2312 Quod
654 2261 835 2299 correxit
867 2260 1122 2299 Brunckius:
1163 2264 1348 2300 ceterum
1389 2258 1534 2299 confe-

52 2343 119 2371 ras
149 2330 345 2370 Photium
385 2342 427 2382 p.
460 2330 542 2369 166
571 2330 618 2369 3:
659 2323 1037 2381 Κιναβευμάτων·
1079 2324 1448 2382 πονηρευμάτων,
1490 2332 1534 2369 et

52 2400 334 2452 Hesychium:
366 2394 715 2451 Κιναβεύματα·
755 2393 1118 2451 πανουργήματα.
1174 2400 1362 2440 Pertinet
1393 2402 1534 2439 autem

52 2469 123 2510 hic
151 2469 268 2510 locus
297 2468 388 2510 sine
417 2470 542 2510 dubio
571 2469 625 2510 ad
656 2469 1110 2520 Thesmophoriazusas
1144 2470 1196 2518 ΙΙ,
1227 2470 1308 2510 vid.
1327 2470 1396 2509 Fr.
1414 2468 1530 2511 XVI.

710 2580 840 2622 GVH.

341 2657 491 2712 Θύτην
519 2660 665 2716 μέλλει
694 2662 770 2702 καὶ
799 2659 959 2703 κελεύει
990 2662 1046 2716 βῆ
1080 2662 1231 2716 λέγειν.

167 2747 444 2789 Antiatticista
473 2761 514 2800 p.
543 2748 600 2787 86
629 2749 680 2789 3:
718 2747 808 2798 Βῆ·
842 2743 1079 2802 προβάτων
1110 2742 1267 2802 βληχή.
1322 2742 1532 2801 Ἀριστο-

117 2823 290 2859 comoed.
314 2831 387 2860 ant.
1188 2819 1245 2858 76
