1716 3164
556 138 1008 183 AnisToPnANss.
1435 140 1484 180 m
1497 140 1518 180 ι
1542 195 1548 201 ι

51 263 144 305 suta
180 256 345 310 Olymp.
376 253 630 296 Lxxxvm
668 253 696 294 4
734 252 775 293 h.
807 266 845 294 e.
887 256 982 294 ante
1011 263 1187 301 annum,
1225 263 1307 304 quo
1345 252 1520 305 Equites

5 313 9 343 f
51 328 189 371 docuit
227 328 340 379 ipse,
379 337 499 366 usum
534 337 649 364 esse:
687 328 730 364 at
766 324 834 364 isti
872 325 1087 366 obscurius
1126 324 1319 376 iustoque
1354 323 1520 364 brevius

48 412 136 440 rem
167 398 453 438 difficillimam
495 399 723 447 exponunt,
764 395 880 446 quasi
909 396 945 435 si
974 395 1273 448 Aristophanes
1303 399 1520 447 postquam

48 470 179 512 semel
218 482 292 508 suo
334 467 499 507 nomine
537 465 805 517 spectandam
847 465 1080 506 exhibuerit
1120 466 1398 515 comoediam,
1438 478 1523 506 non

47 542 127 582 iam
170 541 344 593 amplius
381 538 474 577 illos
513 536 552 575 iu
591 536 832 575 societatem
869 537 1105 576 vocaverit:
1152 535 1263 587 quod
1302 548 1423 588 quam
1466 537 1521 576 sit

47 623 290 664 perversum
346 610 538 659 apparet,
595 617 687 645 cum
740 607 863 646 etiam
919 610 1063 659 postea
1124 606 1351 648 callistrati
1407 607 1520 647 auxi-

50 682 107 722 lio
155 681 336 720 adiutum
380 677 510 716 fuisse
558 680 722 728 poetam
772 677 1010 718 viderimus.
1106 679 1161 719 Et
1212 678 1368 731 pariter
1426 678 1519 718 Ari-

49 752 272 806 stophanes
325 746 553 787 Philonidis
599 760 748 787 nomen
806 761 906 799 prae
959 761 1005 788 se
1064 749 1159 789 tulit
1208 753 1303 802 post
1355 748 1520 801 Olymp.

53 819 300 864 Lxxxvm
330 818 370 867 4,
409 830 586 869 namque
626 818 790 870 Olymp.
818 819 1031 860 LXXXIX
1061 821 1089 860 2
1119 820 1220 860 duas
1249 819 1372 859 simul
1402 819 1522 860 fabu-

0 923 2 944 a
51 895 112 934 las
142 890 349 932 Philonidi
379 888 598 937 mandavit,
635 888 788 942 Vespas
819 894 862 929 et
893 889 1178 944 Proagonem,
1210 891 1291 930 vid.
1324 890 1522 931 didascal.

0 979 1 1006 3
49 964 292 1014 Vesperum,
324 971 428 1011 quae
459 959 518 998 sic
547 959 588 998 iu
620 959 712 998 cod.
741 960 981 1000 Ravennate
1011 962 1251 1000 exhibetur:
1279 954 1523 1013 Έδιδάχθη

46 1029 119 1072 ἐπὶ
157 1027 365 1084 ἄρχοντος
401 1024 620 1082 ’Λμυιίὀυ
656 1026 731 1067 διὰ
768 1026 1021 1069 Φιλωνίδου
1061 1028 1112 1069 ἐν
1150 1028 1202 1087 τῇ
1233 1026 1357 1070 πόλει
1387 1026 1523 1083 ὀλυμ-

47 1097 190 1143 πιάδι.
258 1096 299 1151 β’
340 1089 395 1149 ἦν
430 1094 490 1146 εἰς
525 1094 732 1148 Λήναια·
777 1099 852 1139 καὶ
895 1096 1016 1139 ἐνίκα
1056 1098 1227 1155 πρῶτος
1271 1098 1524 1150 Φιλωνίδης

51 1169 307 1227 Προαγῶνι,
337 1166 516 1210 Λεύκων
548 1168 771 1223 Πρέσβισι
801 1167 871 1222 y':
921 1172 1028 1212 Nolo
1057 1171 1271 1211 hominum
1305 1173 1522 1213 doctorum

48 1245 101 1285 de
129 1245 211 1284 hoc
239 1245 332 1283 loco
362 1242 587 1282 sententias
618 1243 898 1282 enumerando
931 1255 1196 1294 percensere,
1227 1243 1331 1282 illud
1363 1249 1523 1285 tantum

48 1315 196 1356 adiicio
233 1314 333 1352 mihi
374 1314 471 1352 olim
512 1313 615 1352 illud
654 1314 828 1352 maxime
860 1312 1081 1352 offensioni
1122 1313 1279 1362 fuisse,
1317 1315 1428 1366 quod
1459 1315 1523 1355 bis

47 1389 391 1427 commemoratus
421 1384 473 1422 sit
508 1384 772 1423 Philonides:
805 1384 958 1423 etenim
989 1385 1210 1423 censebam
1242 1397 1324 1424 non
1355 1386 1525 1426 licuisse

46 1461 196 1510 poetae
232 1467 313 1494 una
356 1454 584 1505 eademque
621 1455 870 1493 solennitate
909 1454 1014 1494 duos
1046 1454 1170 1493 simul
1212 1456 1362 1495 choros
1392 1456 1525 1509 impe-

47 1531 158 1566 trare
188 1539 211 1565 a
242 1531 456 1576 praetore:
498 1530 537 1562 at
568 1525 662 1576 lege
692 1525 773 1563 hoc
803 1525 1005 1564 sancitum
1036 1524 1166 1564 fuisse
1196 1525 1309 1564 nullo
1342 1527 1523 1566 dilucido

47 1596 282 1636 testimonio
322 1595 606 1633 demonstrare
638 1608 825 1646 possum,
865 1608 1112 1647 quamquam
1150 1609 1249 1636 sane
1280 1610 1355 1648 per
1384 1610 1430 1637 se
1460 1601 1524 1637 est

50 1668 369 1706 cousentaneum
415 1665 635 1703 admodum
679 1678 772 1704 raro
805 1671 968 1717 poetam
1002 1667 1105 1706 duos
1136 1667 1286 1706 choros
1316 1671 1386 1707 aut
1416 1669 1524 1720 peti·

48 1737 156 1776 visse
186 1740 256 1774 aut
287 1735 409 1773 etiam
440 1734 683 1786 impetrasse
714 1749 736 1774 a
769 1741 983 1787 praetore:
1023 1750 1116 1776 nam
1147 1750 1240 1776 cum
1271 1739 1403 1778 tribus
1434 1744 1526 1778 tan-

50 1811 136 1845 tum
174 1804 338 1856 tragicis
380 1804 607 1856 tetralogiis
637 1807 893 1857 totidemque
932 1808 1159 1847 comoediis
1201 1808 1318 1848 chori
1355 1809 1523 1861 publico

47 1880 213 1927 sumptu
240 1875 586 1924 concederentur,
618 1877 817 1928 multique
846 1878 969 1916 simul
1001 1882 1149 1930 poetae
1180 1878 1291 1919 hunc
1319 1879 1522 1921 honorem

48 2017 84 2058 si
113 2017 216 2056 duos
246 2015 397 2054 choros
429 2016 499 2055 uni
529 2022 678 2068 poetae
709 2018 941 2058 tribuisset:
972 2025 1013 2059 at
1042 2021 1137 2059 fieri
1167 2034 1267 2061 sane
1297 2022 1445 2073 potuit,
1475 2026 1523 2062 ut

47 2098 153 2126 unus
190 2090 333 2138 poeta,
380 2099 471 2125 cum
517 2087 611 2126 bina
650 2088 834 2128 dramata
873 2095 1039 2142 praeter
1077 2096 1218 2131 cetera
1264 2091 1443 2144 insignia
1480 2097 1533 2132 et-

47 2157 228 2210 praetori
258 2156 428 2208 probata
459 2158 682 2207 attulisset,
711 2160 780 2198 aut
811 2173 904 2199 cum
935 2160 1048 2200 forte
1078 2163 1210 2201 ceteri
1239 2163 1391 2201 aemuli
1422 2175 1522 2202 con-

46 2227 286 2273 ticuissent,
327 2226 445 2264 binos
476 2228 628 2270 choros
656 2230 886 2280 acciperet:
923 2230 1050 2282 idque
1086 2232 1285 2271 accidisse
1316 2237 1417 2284 puto
1448 2233 1521 2272 illo

47 2294 137 2346 ipso
166 2294 366 2345 Amyniae
396 2307 525 2333 anno:
564 2308 691 2346 quare
720 2299 799 2336 iam
830 2300 994 2338 missam
1026 2300 1133 2339 facio
1163 2302 1276 2341 iliam
1306 2303 1520 2343 coniectu-

45 2375 148 2412 ram,
178 2375 299 2415 quam
330 2363 426 2402 olim
460 2365 581 2403 etiam
603 2366 838 2406 Meinekius
868 2377 1167 2422 proposuerat.
1197 2367 1418 2426 ἐδιδάχθη
1447 2371 1519 2413 ἐπὶ

45 2426 255 2486 ἄρχοντος
282 2429 481 2485 ’Aga-vion
511 2430 599 2472 διὰ
632 2432 1065 2491 Καλλιστράτου
1092 2440 1140 2480 ἐν
1170 2455 1221 2498 τη
1238 2438 1322 2482 πθ
1349 2438 1521 2498 Ὄλυμ-

45 2498 193 2542 πιάδι·
227 2500 423 2557 ὃιύτερος
452 2501 519 2554 ἦν.
565 2498 624 2551 εἷς
653 2502 845 2555 Ληναια.
905 2511 981 2550 καὶ
1010 2508 1131 2551 ἐνίκα
1162 2511 1332 2566 πρῶτος
1368 2513 1517 2555 Φιλω-

44 2569 169 2621 νίδης
197 2571 450 2627 Ποοα)ωνι,
478 2570 656 2615 Λεύκων
669 2576 894 2631 ΙΙρέσβεσι
925 2577 1082 2635 τρίτος.
1142 2585 1275 2636 Quam
1305 2586 1515 2628 coniectu-

44 2653 132 2683 nm
160 2644 280 2684 etiam
312 2646 394 2686 alio
423 2651 666 2698 argumento
695 2649 935 2692 firmaturus
965 2665 1092 2702 eram,
1123 2653 1234 2705 quod
1257 2655 1516 2698 Callistratus

43 2711 284 2765 plerumque
315 2727 363 2755 ea
392 2717 550 2770 recepit
588 2718 790 2768 dramata,
831 2733 938 2772 quae
966 2724 1153 2776 publicas
1180 2726 1517 2781 perstringebant
