1716 3164
1429 162 1543 204 1273

66 267 113 318 εὗ
141 273 215 317 καὶ
243 270 451 329 ἀνδρείως
481 274 579 316 653.

66 350 266 390 Eucrates
297 340 320 384 ὁ
351 339 558 394 στύππαξ
590 344 716 384 1003.

65 418 278 459 Eudemus
309 416 628 470 pharmacopola
657 414 756 454 717.

65 480 238 527 εὕδοντι
267 481 420 541 κὺρτος
451 483 570 540 αἱρεῖ
594 482 855 537 proverbium
888 481 955 521 23.

65 554 204 605 εὐθὺς
233 552 424 598 Λυκείου
453 562 495 596 et
522 555 672 596 similia
702 566 776 607 pro
806 548 922 591 εὐθὺ
964 564 1061 592 num
1092 553 1202 605 apud
1233 555 1391 597 Atticos
1419 570 1541 610 repe-

123 629 251 668 riatur
280 627 379 668 305.

67 694 205 746 εὐθὺς
236 699 288 738 de
317 699 409 738 loco
439 695 536 735 306.

66 764 303 822 Εὐμενίδες
333 772 374 808 et
403 760 611 806 Εὐνεῖὃαι
641 761 814 803 confusa
843 761 914 802 59.

66 836 273 880 Εὐνεῖδαι
303 843 345 878 et
373 831 610 889 Εὐμενίδες
640 832 815 874 confusa
842 832 913 872 59.

67 911 321 952 Eunidarum
351 921 454 961 gens
485 905 595 959 apud
624 903 902 946 Athenienses
932 901 1001 943 56.

67 974 242 1029 εὐπινής
272 978 369 1019 213.

67 1049 289 1104 Eupolidei
320 1060 464 1089 versus
495 1048 850 1102 polyschematisti
881 1048 1077 1089 diverbiis
1108 1048 1280 1090 adhibiti
1310 1053 1378 1092 63.

67 1120 290 1173 Euripiden
319 1120 416 1159 716.

67 1190 278 1243 Euripidis
308 1189 476 1229 Electra
506 1201 587 1240 quo
617 1192 805 1241 tempore
837 1189 957 1230 docta
987 1189 1084 1231 952.

67 1261 277 1313 Euripidis
309 1259 541 1312 Hypsipyle
574 1259 696 1298 1096.

68 1330 291 1383 Euripides
323 1330 484 1382 quoties
510 1330 641 1368 victor
670 1329 846 1369 evaserit
876 1330 974 1371 904.

69 1400 298 1452 Euryphon
328 1399 513 1439 medicus
543 1398 811 1440 Atheniensis
842 1400 1030 1442 diversus
1061 1415 1083 1442 a
1114 1399 1264 1442 Cnidio
1294 1401 1393 1441 680.

69 1469 313 1510 Eustathius
343 1469 441 1509 366.

70 1533 279 1594 Εὐτρήϊοι
309 1552 384 1592 pro
415 1532 654 1591 Εὐτρήσιοι
682 1538 782 1578 378.

71 1610 256 1650 Eutresii
286 1609 488 1649 Arcadiae
517 1609 697 1661 populus
726 1608 821 1649 378.

73 1675 256 1729 ἐξαῦσαι
286 1681 467 1720 eximere
498 1680 593 1720 628.

69 1750 337 1809 Εξεοεεῑίἀεε
369 1751 493 1791 1189.

71 1817 235 1870 ἕξγυιος
264 1821 360 1860 69].

71 1884 231 1940 ἐξόδιοι
258 1886 386 1942 νόμοι
416 1891 514 1933 230.

73 1960 261 2000 exodium
291 1961 583 2014 rhapsodicum
615 1964 713 2004 230,

70 2025 117 2079 ἠὲ
149 2035 191 2070 et
223 2025 300 2080 ἠδὲ
329 2032 369 2071 in
399 2034 629 2084 anapaestis
658 2034 727 2073 78.

71 2096 275 2150 ἠδέσθην
306 2102 355 2141 ab
385 2098 468 2140 ἔδω
500 2104 595 2142 662.

73 2165 237 2222 ἠθμὸς,
268 2185 348 2213 non
379 2166 547 2223 ἠθμὸς,
577 2173 745 2212 atticum
777 2172 845 2212 93.

74 2234 156 2291 ἠμὶ
184 2253 259 2293 pro
290 2237 408 2294 φημί
435 2243 532 2282 382.
565 2242 690 2281 1077.

76 2304 303 2362 ἡμιέκτεον
332 2310 428 2350 676.

78 2370 185 2432 ἧμιν
214 2380 322 2433 apud
353 2379 533 2420 comicos
561 2379 659 2424 595.

79 2591 184 2645 γαΐα
214 2564 323 2645 apud
354 2590 532 2630 comicos
562 2590 660 2630 798.

82 2657 194 2715 γάλα
222 2659 512 2704 indeclinabile
543 2660 641 2700 691.

84 2727 284 2784 γάλατος,
313 2745 338 2775 a
366 2724 494 2783 γάλα,
523 2742 598 2784 pro
629 2722 843 2782 γάλακτος
872 2730 969 2775 302.
