1716 3164
203 182 285 222 924
712 182 1147 225 ARISTOPHANES.

203 293 412 332 attulisse:
456 293 553 331 dicit
580 292 705 344 igitur
735 292 1028 344 Aristophanes
1058 299 1198 345 aperte
1217 303 1368 348 poetas
1398 311 1508 347 esse,
1539 312 1640 351 quo-

202 375 290 401 rum
322 373 486 412 operam
517 362 594 401 sibi
624 362 859 411 adsciverit,
898 363 1125 414 eodemque
1164 365 1282 404 modo
1312 367 1528 408 scholiasta
1558 369 1640 409 dis-

202 430 320 469 serit:
350 424 427 468 οὐκ
455 427 500 468 ἐκ
528 429 606 468 τοῦ
635 429 839 483 φανεροῦ,
870 428 1018 482 ᾳησίν,
1051 431 1268 484 ἐπικουρεῖ
1290 429 1312 471 ὁ
1344 433 1523 485 ποιητὴς
1553 439 1642 484 τοῖς

1700 424 1710 507 ³

200 498 387 545 θεαταῖς
417 494 529 550 ὑμῖν,
558 496 667 537 ἀλλὰ
696 495 763 538 δι’
796 496 947 552 ἑτέρων
976 498 1166 549 ποιητῶν
1194 497 1365 554 λάθρα,
1394 502 1537 554 ἐπειδὴ
1567 503 1640 545 διὰ
1704 509 1710 538 ἶ

205 565 451 607 Φιλωνίδου
479 568 553 607 καὶ
583 564 915 621 Καλλιστράτου
949 568 1100 609 καθίει
1136 568 1233 609 τινὰ
1273 570 1357 610 τῶν
1395 569 1638 626 δραμάτων,

1706 548 1710 577 ἒ

200 635 370 691 πρῶτον
398 634 479 690 γὰρ
509 635 653 689 δρᾶμα
682 635 851 686 καθῆκε
883 634 948 676 δι’
977 635 1131 678 ἑαυτοῦ
1159 637 1257 687 τοὺς
1293 637 1487 689 Ἱππέας.
1556 643 1639 682 Iam
1707 677 1709 680 .

200 720 298 746 vero
317 707 586 746 demonstrari
604 720 684 747 non
703 711 839 759 potest
857 708 1168 758 Aristophanem
1189 712 1359 750 multum
1380 715 1472 751 ante
1485 712 1640 763 Vespas

200 780 242 815 et
259 777 525 828 Proagonem,
555 777 640 816 h.e.
672 780 765 815 ante
780 777 843 816 Ol.
863 777 1071 816 Lxxxlx
1102 779 1142 817 2.
1188 780 1411 819 Philonidis
1441 780 1641 820 industria

198 857 316 885 usum
347 858 458 894 esse,
497 847 632 896 itaque
663 858 753 885 cum
783 850 902 897 poeta
932 846 1030 885 dicit
1059 842 1249 902 {rapoton-
1267 849 1485 898 ποιηταῖς,
1515 862 1640 889 unum

1691 695 1712 909 ⁴

198 920 358 967 poetam
387 916 427 955 h.
450 928 486 955 e.
519 916 793 955 Callistratum
823 915 1036 966 significat,
1067 918 1216 968 quippe
1246 919 1313 968 qui
1342 923 1424 958 tres
1452 920 1542 959 illas
1573 932 1640 958 co·
1704 929 1706 933 ·

198 985 378 1024 moedias
417 984 622 1023 docuerit:
656 985 793 1035 itaque
832 984 1084 1024 Callistratus
1126 999 1309 1038 quoque,
1345 988 1387 1026 id
1427 989 1535 1039 quod
1573 989 1638 1028 vel

197 1054 430 1094 coniectura
445 1053 633 1105 augurari
648 1053 902 1102 deberemus,
932 1054 966 1093 si
995 1054 1142 1094 idonea
1167 1056 1409 1096 documenta
1435 1057 1638 1105 deessent,

197 1122 376 1164 comicus
404 1123 482 1162 fuit
511 1127 654 1174 poeta,
691 1122 880 1174 ignobilis
910 1135 1006 1161 sane
1035 1123 1208 1175 alioqui,
1236 1125 1315 1163 nisi
1344 1126 1453 1175 quod
1482 1126 1637 1165 Aristo-

195 1193 372 1245 phanem
402 1196 590 1244 prompto
619 1191 753 1230 studio
784 1191 956 1230 adiuvit:
993 1194 1033 1230 at
1071 1192 1142 1231 illa
1170 1197 1302 1232 aetate
1333 1195 1510 1242 Cratini,
1547 1194 1639 1235 Ari-

195 1262 420 1315 stophanis,
463 1260 676 1312 Eupolidis
711 1261 938 1312 principum
967 1261 1096 1312 gloria
1124 1262 1343 1301 multorum
1373 1264 1639 1304 mediocrium

196 1337 410 1385 poetarum
447 1331 610 1371 nomina
649 1342 815 1381 prorsus
854 1330 1105 1378 obscuravit,
1146 1332 1485 1382 quemadmodum
1517 1332 1636 1384 Lycia

1703 1215 1714 1363 1

1707 1364 1713 1398 ἐ

195 1402 291 1450 ille,
338 1412 459 1451 quem
509 1398 686 1449 appellat
723 1399 1016 1449 Aristophanes
1059 1400 1100 1439 in
1138 1400 1264 1441 Ranis
1301 1416 1338 1442 v.
1370 1402 1444 1451 14,
1483 1402 1635 1453 absque
1708 1401 1713 1435 ’Ξ

195 1471 276 1511 hoc
319 1473 428 1510 esset
466 1468 578 1516 loco,
621 1467 741 1519 plane
781 1468 1052 1508 delitesceret.
1122 1471 1256 1522 Atque
1302 1472 1423 1511 etiam
1471 1473 1505 1511 si
1548 1472 1637 1523 quis
1711 1469 1713 1473 ’

196 1539 454 1585 ostenderet,
493 1537 600 1588 quod
639 1536 907 1575 demonstrari
935 1550 1014 1576 non
1044 1543 1205 1590 potest,
1242 1545 1335 1580 ante
1363 1541 1534 1591 Equites
1563 1541 1637 1579 do·-

197 1615 284 1650 ctos
312 1606 628 1658 Aristophanem
667 1606 747 1645 iam
778 1606 1005 1646 Philonidis
1043 1621 1167 1659 opera
1205 1621 1321 1649 usum
1353 1623 1468 1659 esse,
1501 1614 1638 1651 tamen

194 1679 265 1719 illa
302 1677 632 1716 commemoratio
677 1675 726 1714 ad
766 1676 1039 1715 Callistratum
1079 1678 1331 1729 potissimum
1376 1682 1484 1718 esset
1527 1678 1637 1718 refe-

195 1748 347 1796 renda,
391 1746 448 1784 ita
494 1749 540 1784 ut
587 1748 758 1796 uterque
794 1750 914 1796 poeta
958 1745 1087 1785 fuisse
1136 1748 1424 1788 existimandus
1460 1749 1524 1789 sit.
1581 1752 1636 1790 Et

195 1818 303 1871 quod
342 1815 490 1856 aemuli
534 1818 680 1866 poetae
718 1814 979 1870 Aristophani
1024 1815 1104 1854 hoc
1150 1817 1367 1868 opprobrio
1414 1823 1636 1870 verterunt,

195 1888 303 1941 quod
332 1887 420 1926 aliis
458 1885 619 1924 laudem
650 1884 892 1924 concederet
929 1898 1063 1935 suam,
1101 1886 1179 1926 vid.
1209 1887 1424 1927 scholiasta
1455 1889 1634 1929 Platonis

194 1958 313 2009 Apol.
351 1969 391 2008 p.
420 1956 472 1994 19
511 1956 566 1995 C:
606 1948 933 2008 Ἀριστώνυμος
976 1950 1024 1991 δ’
1062 1953 1108 1993 ἐν
1145 1951 1290 2009 Ἠλίω
1331 1953 1522 2011 ῥιγοῦντι
1560 1956 1635 1995 καὶ

194 2019 448 2077 Σαννυρίων
474 2021 520 2061 ἐν
550 2022 708 2062 Γέλωτι
737 2018 908 2075 τετράδι
938 2023 1077 2076 φασὶν
1106 2020 1239 2062 αὐτὸν
1267 2023 1490 2076 γενέσθαι,
1521 2021 1634 2065 διότι

194 2093 271 2135 τὸν
300 2090 399 2146 βίον
427 2090 684 2145 κατέτριψεν
712 2089 867 2144 ἑτέροις
896 2091 1057 2131 ποιῶν·
1097 2092 1138 2132 οἱ
1172 2091 1253 2147 γὰρ
1281 2090 1452 2147 τετράδι
1480 2090 1633 2146 γεννώ-

193 2177 316 2218 μενοι
337 2159 566 2208 πονοῦντες
597 2157 743 2207 ἄλλοις
771 2159 1056 2213 καρποῦσθαι
1072 2161 1344 2215 παρέχουσιν,
1372 2159 1430 2210 ὥς
1457 2163 1531 2202 καὶ
1552 2163 1633 2204 Φι-

195 2230 370 2287 λόχορος
407 2228 453 2271 ἐν
482 2229 535 2287 τῇ
565 2226 710 2285 πρώτῃ
747 2228 833 2269 τῶν
869 2225 1035 2283 ἡμερῶν
1074 2229 1255 2284 ἱστορεῖ·
1292 2227 1429 2286 ταύτῃ
1477 2231 1522 2272 δὲ
1558 2233 1634 2272 καὶ

191 2300 397 2356 Ἠρακλῆ
437 2301 551 2355 φασὶ
590 2298 881 2352 γεννηθῆναι,
926 2301 968 2339 id
1013 2302 1275 2353 opprobrium
1313 2302 1498 2353 profecto
1537 2307 1634 2344 tunc

195 2376 364 2418 alicuius
402 2377 464 2412 est
502 2371 716 2421 momenti,
763 2371 798 2411 si
834 2374 980 2423 poetae
1018 2370 1186 2411 fuerunt
1223 2375 1264 2411 et
1303 2372 1554 2414 Callistratus
1593 2379 1634 2414 et

194 2443 444 2487 Philonides.

306 2515 390 2553 lam
420 2513 543 2563 igitur
573 2514 729 2559 cetera,
768 2522 870 2560 quae
900 2510 1148 2561 grammatici
1179 2514 1338 2549 veteres
1367 2510 1419 2549 de
1447 2510 1510 2548 his
1538 2522 1631 2560 per-

153 2600 155 2602 *
195 2585 359 2631 hibent,
387 2582 529 2621 futiles
558 2580 845 2621 existimandae
875 2583 968 2618 sunt
997 2591 1150 2631 nugae,
1180 2580 1239 2618 uti
1267 2579 1365 2617 illud
1395 2578 1502 2628 quod
1531 2578 1633 2630 legi-

195 2658 263 2692 tur
277 2651 382 2703 apud
401 2656 607 2690 auctorem
625 2649 911 2690 vitanXXIX
942 2649 988 2688 l:
1014 2643 1260 2700 Ὑποκριταὶ
1284 2641 1634 2700 Ἀριστοφάνους

199 2716 528 2773 Καλλίστρατος
557 2719 630 2759 καὶ
650 2716 906 2767 Φιλωνίδης,
937 2713 1004 2757 δι’
1035 2708 1097 2756 ὦν
1123 2713 1319 2756 ἐδίδασκε
1350 2712 1402 2754 τὰ
1432 2711 1632 2769 δράματα

1675 2617 1698 2630 S
