1716 3164
199 188 282 229 898
717 186 1156 229 AMSTOPHANES.

200 311 280 351 que
307 295 444 336 fabula
474 295 592 336 docta
622 308 712 336 esse
741 296 937 335 videatur.
978 295 1118 349 Itaque
1148 299 1426 352 duodeviginti
1455 312 1655 341 annorum

200 368 327 419 spatio
358 365 447 404 sere
476 365 616 417 viginti
647 366 878 405 comoedias
909 366 1201 417 Aristophanes
1231 371 1470 422 composuit.

315 435 398 473 Iam
437 447 534 474 vero
570 434 620 473 ad
650 435 814 473 tertium
844 447 972 487 genus
1002 435 1230 475 fabularum
1260 450 1327 476 eas
1356 440 1518 488 refero,
1548 452 1653 490 quas

201 509 323 557 poeta
354 506 432 544 iam
462 506 602 543 senior
632 506 860 555 composuit
890 509 982 556 post
1012 505 1173 557 Olymp.
1192 505 1325 545 XCIII
1357 507 1396 554 3,
1437 509 1479 547 ἰη
1509 510 1654 559 quibus
1701 538 1711 546 .

204 574 385 625 rigorem
414 575 528 613 illum
558 573 798 624 virilemque
835 574 1074 626 dignitatem
1114 575 1246 613 minus
1287 576 1492 626 reperies:
1527 576 1655 616 fracta

204 643 311 682 enim
354 644 413 682 rei
438 644 628 695 publicae
658 644 916 683 Atheniensis
945 644 1133 684 libertate
1163 644 1327 695 antiqua
1357 644 1566 683 comoedia
1599 645 1654 684 la·

195 717 340 751 certos
368 714 556 763 viresque
575 712 774 763 perdidit:
803 725 850 750 ac
866 719 1013 764 poetae
1030 714 1279 753 senescentis
1299 714 1477 752 studium
1493 725 1655 764 quoque

199 781 490 832 ingeniumque
520 781 708 820 senescit.
750 780 890 831 Itaque
920 795 994 821 eae
1022 782 1199 831 fabulae,
1223 796 1327 834 quae
1344 784 1394 822 ad
1423 783 1529 821 hanc
1543 787 1653 833 aeta-

198 855 280 889 tem
312 851 540 902 pertinent,
580 850 657 889 etsi
695 854 790 888 sunt
828 863 903 889 nec
940 851 1194 903 inelegantes
1229 865 1304 892 nec
1332 853 1549 905 illepidae,
1591 853 1652 891 in-

198 920 308 958 venti
337 923 472 959 tamen
504 920 682 959 novitate
711 920 1009 971 quodammodo
1041 922 1220 960 caruisse
1251 921 1461 961 videntur:
1504 921 1653 960 etenim

197 992 318 1040 poeta
340 989 420 1028 iam
447 1002 525 1028 non
546 995 691 1040 suopte
710 990 875 1041 ingenio
896 1003 992 1029 usus
1017 991 1132 1042 fingit
1157 991 1334 1043 lepidam
1358 992 1534 1041 aliquam
1552 990 1651 1029 ima-

195 1058 346 1109 ginem,
377 1070 495 1109 quam
527 1059 803 1110 spectantibus
833 1065 1058 1111 proponat,
1104 1072 1243 1099 verum
1281 1059 1509 1099 fabularum
1540 1063 1653 1098 vete-

195 1139 285 1167 rum
315 1139 413 1166 usus
442 1127 662 1167 involucris
693 1126 754 1176 ea,
784 1141 888 1178 quae
918 1131 1064 1178 sentit,
1096 1130 1269 1168 obscure
1304 1130 1497 1167 indicavit
1525 1128 1653 1179 magis

195 1209 314 1248 quam
350 1196 529 1236 dilucide
570 1198 779 1248 exposuit:
820 1203 861 1236 et
901 1211 924 1236 a
955 1200 1078 1237 rebus
1115 1198 1308 1249 publicis,
1345 1198 1511 1244 divinis,
1550 1197 1652 1243 aliis,

196 1278 301 1317 quae
331 1266 527 1305 latissime
558 1271 720 1318 patent,
761 1268 1013 1306 comoediam
1043 1268 1253 1320 paullatim
1297 1268 1335 1306 In
1374 1251 1650 1318 angustiorem

195 1336 402 1387 compellit
417 1348 576 1387 gyrum,
607 1337 661 1375 ita
691 1340 737 1376 ut
762 1336 926 1376 fabulae
950 1339 1133 1388 proxime
1162 1337 1212 1376 ad
1230 1337 1387 1375 mediae
1415 1334 1651 1373 comoediae

193 1404 395 1443 rationem
447 1405 656 1446 accedant.
740 1406 951 1445 Pertinent
1001 1406 1082 1444 huc
1120 1408 1284 1456 praeter
1321 1403 1650 1451 Ecclesiazusas,

194 1472 363 1512 Plutum
392 1472 582 1522 alterum,
616 1473 810 1514 Cocalum
841 1479 882 1513 et
904 1474 1232 1522 Aeolosiconem‚
1264 1474 1384 1512 etiam
1409 1472 1651 1524 Gerytades,

198 1542 419 1590 Cio-oniae,
466 1542 740 1595 Tagenistae,
793 1543 1107 1592 Telmessenses,
1158 1547 1200 1582 et
1236 1543 1459 1595 pleraeque
1496 1555 1651 1590 omnes,

194 1612 340 1664 quibus
370 1610 508 1651 fabula
538 1612 672 1663 aliqua
701 1613 866 1663 antiqua
896 1614 1078 1652 subiecta
1108 1617 1194 1660 est,
1224 1618 1270 1651 ut
1299 1611 1529 1659 Daedalus,
1559 1611 1650 1649 Da-

192 1682 355 1730 naides,
387 1681 596 1720 Dramata
624 1682 714 1721 sive
748 1681 991 1730 Centaurus,
1017 1683 1227 1721 Dramata
1256 1683 1344 1719 sive
1365 1678 1539 1728 Niolms‚
1568 1679 1649 1718 Po-

194 1750 352 1803 lyt'dus,
382 1750 648 1799 Phoenissae,
678 1750 846 1799 Horae;
876 1757 918 1791 et
946 1751 1122 1791 fortasse
1149 1751 1294 1790 Poesis
1323 1754 1444 1801 atque
1460 1748 1648 1799 Naufra-

192 1833 305 1873 gus,
358 1833 600 1872 quamquam
653 1820 705 1859 de
747 1821 813 1861 his
858 1821 1022 1873 quidem
1065 1821 1222 1861 duabus
1266 1819 1487 1859 comoediis
1546 1816 1647 1856 nihil

194 1889 359 1929 omnino
391 1890 493 1927 certi
524 1890 646 1929 statui
675 1895 823 1941 potest.

305 1957 387 1996 Sed
418 1958 763 2010 comprehendam
793 1959 861 1997 hic
890 1959 1026 2006 brevi,
1064 1957 1161 2009 quid
1201 1956 1252 1996 de
1291 1968 1461 1996 numero
1492 1955 1646 1994 Aristo-

194 2025 445 2079 phanearum
475 2026 706 2067 fabularum
737 2028 835 2067 mihi
866 2028 1132 2067 statuendum
1162 2026 1372 2074 videatur,
1409 2025 1460 2063 de
1492 2037 1571 2074 qua
1601 2037 1647 2063 re

197 2107 446 2147 magnopere
475 2096 582 2134 inter
611 2109 656 2135 se
686 2096 929 2136 dissentiunt
957 2102 999 2136 et
1027 2101 1188 2136 veteres
1217 2095 1470 2148 grammatici
1507 2101 1549 2132 et
1578 2094 1646 2144 qui

196 2175 328 2216 nuper
344 2164 385 2202 in
403 2165 507 2204 hanc
523 2177 612 2204 rem
629 2166 925 2216 inquisiverunt
939 2167 1126 2206 homines
1143 2166 1267 2207 docti.
1315 2165 1368 2202 Et
1391 2164 1462 2202 ille
1483 2164 1646 2214 quidem

195 2234 505 2285 grammaticus,
544 2235 614 2286 qui
643 2234 696 2273 de
725 2236 938 2275 comoedia
966 2236 1130 2287 scripsit
1156 2233 1328 2286 p.X111
1360 2232 1412 2271 14
1451 2233 1647 2282 quinqua-

196 2302 309 2354 ginta
357 2306 549 2353 quattuor
600 2305 835 2344 comoedias
877 2304 1194 2357 Aristophanem
1243 2302 1456 2353 scripsisse
1499 2301 1645 2340 tradit:

187 2364 375 2411 ’Έπειτα
406 2367 464 2425 τῷ
494 2368 570 2425 υἱῷ
599 2369 747 2412 ἐδίδου
777 2371 830 2411 τὰ
848 2370 1068 2426 δράματα,
1097 2369 1205 2412 ὅιτοι
1233 2367 1311 2410 τὸν
1339 2365 1537 2423 ἀριθμὸν
1566 2366 1644 2419 νδ’,

194 2451 256 2479 ων
283 2435 407 2479 νόθα
439 2435 488 2489 ὃ,
531 2454 634 2492 quae
665 2455 713 2481 ex
744 2443 934 2483 uberiore
964 2444 1097 2495 aliqua
1122 2442 1375 2494 expositione
1403 2441 1501 2480 satis
1527 2453 1645 2492 prae-

196 2514 362 2560 postere
383 2514 476 2550 sunt
493 2511 636 2562 petita:
669 2514 928 2552 consentiunt
942 2513 1089 2555 Suidas
1108 2525 1143 2552 v·
1169 2505 1518 2564 Ἀριστοφάνης..
1534 2505 1645 2560 Δρά-

195 2590 317 2631 ματα
355 2577 400 2618 δὲ
437 2575 576 2618 αὐτοῦ
612 2576 701 2628 νὸ’,
737 2574 846 2634 ἅπερ
894 2579 939 2620 δὲ
978 2575 1258 2634 πεπράχαμεν
1295 2572 1646 2632 Ἀριστοφάνους

197 2639 423 2699 δράματα,
453 2646 612 2697 ταῦτα,
647 2655 688 2688 et
720 2651 902 2691 'l'liomas
930 2651 1131 2703 Magister
1159 2651 1203 2691 in
1231 2651 1312 2691 vita
1340 2648 1642 2700 Aristophanis:

194 2710 406 2769 Δράματα
438 2714 483 2754 δὲ
514 2718 704 2771 τέσσαρα
734 2717 840 2773 πρὸς
870 2719 962 2765 τοῖς
997 2714 1263 2768 πεντήκοντα
1303 2718 1532 2771 γέγραφεν.
1591 2718 1644 2761 At
