1716 3164
614 179 1038 226 ΠΕΙΣΑΝΔΡΟΣ.
1480 182 1564 225 ow

83 297 261 348 λιστον,
298 292 535 353 κράτιστον
571 296 646 338 καὶ
684 297 776 346 τοῖς
815 292 1008 351 ὁμοίοις·
1047 291 1200 352 ἑτέραν
1228 293 1275 337 δὲ
1306 290 1422 337 διότι
1450 309 1564 352 συμ-

80 367 316 410 πέπλεκται
350 366 402 410 τὸ
432 365 689 423 ὑβριστικὸν
726 366 787 425 τῷ
814 363 1056 425 ἀκολάστῳ.
1120 362 1316 408 Πλάτων
1353 363 1404 407 δ’
1434 364 1563 424 ἐχρή-

94 453 207 482 σατο
223 439 271 480 ἐν
301 436 569 496 Πεισάνδρῳ
598 438 735 491 λέγων
767 436 886 488 Γυνὴ
918 435 1000 493 γὰρ
1029 432 1086 488 ἢν
1113 439 1196 491 μὲν
1224 433 1369 488 αὐτήν
1397 437 1487 480 κτλ.
1521 441 1562 491 “)

83 513 278 554 Derivata
314 513 419 553 haec
460 525 552 552 esse
581 512 767 564 suspicor
804 524 854 550 ex
886 510 1112 563 Phrynichi
1142 511 1467 563 Praeparatione
1496 523 1564 551 so-

83 584 274 637 phistica.
350 583 533 624 Platonis
576 582 711 622 locum
750 581 801 621 ad
841 581 1051 621 trimetros
1090 594 1290 621 revocare
1336 582 1564 621 conabatur

88 655 318 695 Bekkerus.
391 654 462 694 Vs.
493 654 520 692 2
565 652 693 692 codex
724 647 905 706 κολάζῃς
936 645 1016 690 clei.
1090 652 1230 693 Versu'
1257 651 1380 691 tertio
1421 652 1562 692 addidi

86 720 202 765 λίαν.
268 723 480 764 Adiectivo
517 714 725 776 ὕβριστος
761 735 859 763 usus
902 727 966 763 est
1004 722 1128 762 etiam
1169 722 1444 763 Pherecrates
1476 723 1562 764 Ine.

80 794 164 836 fab.
193 809 234 848 p.
250 794 347 834 347.
407 793 633 846 Perperam
664 793 947 835 Schneiderns
977 793 1018 833 in
1048 793 1180 833 lexico
1214 789 1435 848 ὑβριστάς.
1475 794 1561 835 Re-

79 865 211 920 spexit
239 865 377 906 locum
406 864 516 905 idem
550 865 852 906 Grammaticus
881 878 921 917 p.
952 864 1036 904 365
1067 865 1136 905 20.

782 1022 859 1064 ΙΙΙ.

315 1104 536 1156 Χαλεπῶς
566 1102 622 1147 ἂν
651 1101 912 1161 οίκήσαιμεν
940 1104 987 1147 ἐν
1015 1102 1295 1158 Βυζαντίοις,

303 1183 419 1232 ὅπου
449 1190 670 1247 σιδαρέοις
701 1190 966 1247 νομίζουσιν.

191 1304 421 1348 Scholiasta
449 1307 740 1361 Aristophanis
766 1307 874 1348 Nub.
891 1307 997 1348 249:
1028 1304 1204 1353 λεπτοῖς
1233 1301 1281 1344 δὲ
1311 1299 1562 1358 νομίσμασι

79 1371 320 1430 φαίνονται
361 1375 612 1431 κεχρῆσθαι
648 1373 899 1427 Βυζάντιοι.
959 1374 1030 1418 διὸ
1077 1376 1154 1417 καὶ
1193 1373 1385 1430 δωρικῶς
1427 1365 1562 1418 εἶπεν.

78 1442 189 1487 ἔνιοι
217 1443 264 1486 δὲ
293 1445 408 1487 κατὰ
435 1443 752 1502 πολυμάθειαν
782 1444 1026 1503 δωρίζουσι.
1066 1443 1263 1487 Πλάτων
1293 1441 1562 1503 Πεισάνδρῳ

81 1515 299 1567 Χαλεπῶς
328 1512 385 1558 ἂν
413 1513 674 1574 οίκήσαιμεν
694 1517 740 1559 ἐν
752 1515 1031 1570 Βυζαντίοις,
1064 1511 1178 1560 ὅπου
1206 1514 1455 1574 σιδαρέοισι
1483 1530 1563 1558 νο-

77 1586 273 1643 μίσμασι
310 1588 516 1645 χρῶνται.
588 1592 708 1632 Haec
747 1593 1016 1633 Hei-mannus
1060 1591 1159 1631 olim
1198 1591 1257 1630 ita
1299 1595 1560 1631 correxerat:

79 1652 194 1701 ὅπου
223 1659 467 1716 σιδαρέοισι
496 1662 588 1710 τοῖς
614 1659 861 1716 νομίσμασι
890 1660 1122 1718 Ιχρῶνται.
1162 1661 1409 1714 Eademque
1430 1662 1560 1702 Bent-

82 1730 156 1772 leii
183 1732 264 1773 fuit
294 1734 550 1784 coniectura,
589 1748 679 1775 eam
712 1736 764 1775 ob
795 1747 984 1775 caussam
1014 1748 1098 1776 non
1129 1733 1327 1781 ferenda,
1367 1733 1562 1784 quoniam

81 1801 140 1843 ita
168 1808 320 1856 poetae
349 1817 430 1845 non
461 1806 600 1846 dorica
624 1806 760 1846 forma
789 1803 1031 1861 σιδαρέοις,
1066 1804 1142 1846 sod
1173 1803 1333 1856 vulgari
1363 1799 1562 1856 σιδηροῖς

81 1874 283 1915 utendum
331 1876 495 1917 fuisset.
570 1878 692 1917 Nunc
730 1878 905 1931 Reisigii
946 1873 1279 1918 emendationem
1319 1874 1507 1915 Coniect.
1540 1875 1560 1915 1

79 1959 122 1999 p.
152 1946 237 1987 247
275 1948 457 2001 recepit:
504 1939 618 1987 ὅπου
655 1945 877 2002 σιδαρέοις
914 1943 1192 2001 νομίζουσιν,
1233 1957 1354 1998 quam
1395 1945 1469 1985 iile
1510 1958 1561 1987 ex

79 2019 336 2070 grammatici
376 2020 529 2072 scripto
568 2019 619 2060 ab
649 2020 894 2060 Hermanno
934 2020 976 2060 in
1019 2019 1133 2060 calce
1171 2017 1266 2056 libri
1298 2016 1350 2056 de
1380 2016 1560 2057 Emend.

78 2089 240 2130 ratione
277 2095 492 2142 grammat.
529 2103 570 2143 p.
602 2090 688 2130 384
726 2091 836 2130 edito
875 2092 1009 2144 petiit.
1085 2088 1147 2130 lbi
1191 2089 1296 2128 haec
1339 2087 1559 2140 leguntur:

60 2152 239 2213 ’νομίζω
267 2159 342 2200 καὶ
373 2156 423 2201 τὸ
452 2157 700 2214 νομίσμασι
724 2158 913 2216 χρῶμαι,
943 2157 1107 2217 δοτικῇ,
1137 2152 1195 2206 ὦς
1221 2151 1561 2212 Ἀριστοφάνης

174 2307 206 2350 ·)
230 2305 411 2350 Reiiquam
436 2307 573 2348 glossae
596 2313 729 2352 partem
753 2307 921 2353 adscripsi
945 2308 988 2341 ad
1013 2306 1178 2341 Pherecr.
1202 2317 1237 2350 p.
1261 2303 1342 2340 347.
1381 2300 1442 2335 ubi
1467 2301 1560 2346 quod

80 2363 156 2396 dixi
185 2364 334 2396 obscura
369 2375 446 2398 esse
478 2368 693 2408 grammatici
725 2371 832 2402 verba
866 2368 1106 2412 συγγραφικαὶ
1137 2367 1174 2399 δὲ
1209 2366 1246 2397 αἱ
1278 2360 1476 2405 συνθῆκαι,
1517 2372 1560 2396 ea

80 2433 171 2456 nunc
194 2422 244 2457 ita
268 2423 493 2468 interpretor:
529 2429 615 2460 tales
639 2429 821 2462 verborum
848 2427 1121 2468 coniunctiones,
1154 2424 1265 2469 qualis
1299 2427 1354 2457 est
1386 2420 1560 2466 ὕβριστον

79 2482 297 2518 ιιᾶκόλαστον
317 2482 437 2530 χρῆμα
462 2492 497 2520 et
522 2486 688 2533 ὕβριστον
712 2491 769 2521 καὶ
793 2486 946 2532 κὲβιιλον
970 2491 1090 2532 ἔργον,
1111 2486 1215 2519 ctiam
1243 2485 1285 2518 ad
1301 2486 1447 2518 solutam
1473 2494 1558 2516 ora-

78 2545 207 2579 tionem
233 2556 310 2579 esse
337 2547 449 2581 utiles.
499 2549 550 2581 lta
573 2549 667 2582 idem
692 2561 725 2593 p.
750 2550 830 2584 336.
858 2544 978 2590 '‘Ayav
1003 2548 1146 2581 τείνεινε
1180 2542 1388 2579 ἀντιτείνειν
1413 2546 1470 2576 καὶ
1495 2540 1556 2576 ἇν-

74 2602 276 2651 τιπρὰττειν
314 2608 373 2639 καὶ
406 2609 456 2652 μὴ
497 2611 596 2642 εἴκειν
633 2608 722 2641 κατὰ
750 2609 885 2653 μηδένα
916 2607 1065 2653 τρόπον,
1100 2603 1400 2650 ιιῖιθαδιζόμενον.
1450 2616 1556 2648 συγ-

77 2666 278 2710 Υραφῡκῆ
305 2669 345 2702 δὲ
371 2663 391 2710 ἦ
419 2667 556 2712 φωνή.
606 2669 775 2714 Respexit
799 2669 948 2703 sortasse
974 2669 1017 2702 ad
1043 2667 1150 2712 Soph.
1176 2666 1292 2709 Antig.
1319 2666 1406 2700 712:
1442 2665 1557 2703 ulvae

73 2721 201 2761 ὑπείκει
222 2730 344 2771 μηδέν·
400 2730 453 2763 De
488 2730 625 2765 nomine
651 2729 871 2777 συγγραφεὺς
895 2735 1039 2771 scriptor
1064 2734 1236 2770 prosaicus
1261 2737 1293 2762 v.
1317 2724 1485 2761 Schaeser
1511 2724 1555 2759 ad

74 2787 176 2823 Dion.
200 2789 314 2824 Halie.
339 2790 379 2824 C.
408 2791 447 2825 V.
473 2803 505 2837 p.
529 2791 611 2827 1οὀ.
