1716 3158
228 173 338 214 1⁰⁰4
741 172 1152 217 ARISTOPHANIS

227 279 388 324 ἐκεῖνον
398 313 410 333 ,
439 279 581 336 πατὴρ
610 280 656 322 δὲ
684 278 805 335 ε’μός,
841 280 926 334 ἤδη
956 282 1031 334 τῆς
1059 282 1304 335 τελευταίας
1334 287 1576 344 ναυμαχίας
1603 305 1675 343 γε-

225 353 458 406 γενημένης
487 348 680 406 φανερὰν
709 350 954 403 ἐπεδείξατο
985 351 1065 403 την
1093 350 1280 404 εὔνοιαν,
1309 352 1362 406 ἢν
1388 348 1470 411 εἶχε
1500 359 1595 414 περὶ
1624 357 1672 400 τὸ

226 420 402 472 πλῆθος
424 419 471 463 τὸ
500 418 725 477 ὑμέτερον·
753 418 1004 476 ἡττημένων
1031 421 1113 477 γάρ
1142 422 1188 463 ἐν
1216 422 1268 480 τῇ
1296 425 1515 483 ναυμαχίᾳ
1537 442 1673 483 στρα-

226 491 357 545 τηγὸς
394 488 473 546 ὑφ’
506 488 626 546 ὑμῶν
663 487 895 549 ᾑρημένος,
942 492 1016 533 καὶ
1061 489 1443 548 παρακαλούμενος
1484 498 1674 551 μετέχειν

224 562 301 613 τῆς
336 558 585 616 ὀλιγαρχίας
626 557 709 601 ὑπὸ
749 559 835 601 τῶν
882 559 1250 615 ἐπιβουλευόντων
1298 562 1355 619 τῷ
1394 563 1557 614 πλῆθει
1597 563 1673 607 οὐκ

224 628 445 683 ἠθέλησεν
482 628 627 678 αὐτοῖς
665 627 916 672 πείθεσθαι
953 660 1006 666 —
1046 627 1146 671 ἀλλ’
1187 630 1283 683 ἐξὸν
1322 630 1439 689 αίτῷ
1476 635 1549 675 καὶ
1589 635 1674 676 τῶν

228 699 462 755 τρίακοντα
487 699 696 754 γενέσθαι
726 700 798 740 καὶ
828 697 1013 752 μηδενὸς
1042 698 1221 742 ἔλαττον
1247 702 1472 754 γενέσθαι,
1503 703 1673 758 μᾶλλον

222 765 358 811 εἵλετο
398 767 600 824 πράττων
637 765 741 821 ὑπὲρ
782 768 856 818 τῆς
887 765 1091 823 ὑμετέρας
1120 768 1617 826 σωτηρίαςηᾶπολέσθαι
1646 769 1674 825 ἢ

222 840 383 882 ἐπιδεῖν
404 837 519 892 τείχη
550 834 884 891 καθαιρούμενα
914 837 989 878 κτλ
1071 842 1123 880 At
1160 842 1226 881 hic
1271 845 1493 893 Eucratoe,
1535 839 1673 885 Niciae

221 913 363 961 frater,
393 912 577 950 diversus
606 910 768 949 omnino
801 914 863 949 est
892 911 941 949 ab
971 910 1051 949 isto
1082 910 1247 951 homine
1264 914 1466 964 populari,
1497 915 1565 965 qui
1595 914 1672 954 suit

222 982 479 1034 Melitensis,
517 981 714 1019 Eucrates
756 991 853 1019 vero
895 992 943 1019 ex
984 979 1062 1019 alio
1092 994 1219 1033 pago,
1258 981 1457 1034 Pergase,
1502 988 1546 1023 ut
1575 984 1671 1024 olim

223 1052 393 1100 conieci,
422 1050 503 1089 vid.
534 1050 760 1089 Comment.
791 1062 831 1101 p.
855 1049 951 1096 251,
981 1050 1053 1088 sed
1083 1050 1134 1090 de
1164 1051 1304 1091 Niciae
1333 1056 1456 1102 gente
1486 1064 1589 1104 quae
1616 1053 1672 1092 ibi

224 1122 319 1170 dixi,
350 1120 449 1160 alias
479 1117 761 1170 amplificanda
785 1122 825 1157 et
857 1119 1097 1170 corrigenda
1119 1122 1232 1159 sunt:
1264 1123 1420 1160 temere
1440 1121 1564 1172 igitur
1581 1122 1672 1161 Sui-

224 1192 296 1231 das
329 1190 414 1230 sive
443 1201 563 1239 quem
604 1188 675 1226 ille
705 1192 869 1227 secutus
907 1191 968 1226 est
1011 1191 1176 1235 auctor,
1217 1192 1434 1240 utrumque
1475 1188 1671 1230 confudit.

222 1263 278 1302 At
313 1259 522 1311 quaeritur
559 1258 598 1296 in
630 1257 876 1309 Lysistratae
916 1255 1008 1295 loco
1049 1260 1140 1295 uter
1176 1257 1468 1309 intelligendus
1507 1259 1581 1307 sit;
1628 1263 1673 1299 ut

223 1329 322 1371 mihi
350 1326 513 1380 quidem
535 1324 723 1374 vvidetur,
761 1329 927 1373 neuter,
957 1324 1029 1363 sed
1060 1325 1201 1365 tertius
1234 1326 1401 1379 aliquis,
1431 1328 1500 1379 qui
1530 1329 1671 1368 Antio-

223 1399 355 1442 chidis
401 1396 479 1436 fuit
522 1396 650 1436 tribus
695 1395 848 1445 illoque
895 1394 984 1445 ipso
1022 1398 1207 1446 tempore
1250 1397 1292 1436 in
1330 1396 1507 1436 Thracia
1546 1398 1670 1437 obiit:

222 1479 397 1519 namque
426 1465 508 1504 hue
536 1465 675 1504 refero
706 1463 879 1512 titulum,
911 1463 978 1514 qui
1007 1468 1068 1502 est
1097 1465 1203 1516 apud
1234 1466 1414 1506 Boeekh.
1446 1467 1491 1506 C.
1524 1467 1628 1506 inse.
1656 1467 1672 1506 1

222 1536 376 1584 n.171,
406 1535 475 1574 ubi
503 1535 611 1574 inter
631 1533 794 1580 milites,
824 1533 893 1584 qui
923 1546 971 1571 ex
1000 1532 1108 1572 tribu
1124 1533 1368 1574 Antiochide
1387 1535 1536 1575 mortui
1564 1540 1672 1585 sunt,

223 1609 564 1648 commemoratur
603 1600 672 1641 ἐπὶ
715 1598 887 1656 Θρᾴκης
926 1596 1172 1654 Εὐκράτης,
1205 1615 1298 1642 eum
1337 1608 1473 1645 autem
1511 1605 1671 1647 titulum

222 1677 273 1718 ud
303 1676 412 1715 hune
440 1675 571 1726 ipsum
590 1673 742 1713 Calliae
762 1684 910 1711 annum
930 1672 1149 1723 pertinere,
1170 1673 1349 1723 probabo
1380 1675 1502 1714 alias:
1532 1675 1671 1726 itaque

223 1759 317 1787 eum
348 1745 510 1796 Olymp.
529 1742 641 1782 XCII
673 1742 690 1779 l
726 1746 909 1780 mortuus
940 1741 1005 1790 sit,
1037 1753 1115 1781 non
1148 1745 1209 1781 est
1238 1742 1378 1783 Niciae
1409 1743 1549 1794 frater,
1579 1756 1670 1790 cum

223 1816 352 1864 tribus
383 1812 636 1856 Antiochidis
666 1811 730 1861 sit,
762 1824 839 1852 non
872 1816 933 1850 est
963 1812 1039 1851 iste
1069 1811 1311 1851 Melitensis.

819 1959 919 1965 -—-—
922 1957 1078 1964 >-..-—-—...

639 2107 744 2150 ,PH
778 2107 818 2146 Ι)
853 2105 887 2146 Y
917 2107 956 2147 Τ
982 2106 1026 2147 Α
1055 2106 1090 2146 Δ
1119 2105 1251 2146 HE.

332 2233 492 2274 Nomen
522 2230 685 2269 fabulae
715 2241 880 2282 prorsus
911 2231 1149 2278 obscurum,
1189 2230 1330 2269 fictum
1360 2230 1467 2270 haud
1497 2217 1619 2272 dubie
1647 2246 1671 2273 a

222 2307 356 2359 poeta,
387 2300 691 2342 similitudinem
722 2299 894 2350 aliquam
925 2299 1048 2340 habet
1079 2312 1168 2340 cum
1193 2300 1356 2359 nornine
1376 2296 1671 2354 Χαιρητάὸης,

223 2373 333 2427 quod
362 2376 425 2412 est
452 2372 494 2410 in
525 2370 749 2410 Ecclesiaz.
782 2382 817 2408 V.
848 2368 916 2412 51.
984 2369 1036 2408 At
1074 2370 1151 2409 etsi
1188 2369 1418 2421 ignoramus
1456 2383 1670 2422 quemnam

223 2444 338 2485 illum
369 2439 615 2493 Gerytadem
661 2443 780 2491 poeta
822 2438 1076 2486 exhibuerit,
1115 2439 1350 2482 comoediae
1387 2445 1519 2480 tamen
1550 2453 1669 2493 argu-

225 2517 408 2555 mentum
450 2522 498 2548 ex
535 2509 718 2560 reliquiis
756 2508 991 2561 perspicere
1030 2521 1257 2559 possumus,
1323 2510 1484 2552 Etenim
1514 2511 1670 2551 Aristo-

225 2581 380 2634 phanes
410 2579 462 2618 de
492 2578 780 2631 depravatione
809 2582 851 2616 et
881 2579 1114 2630 corruptela
1143 2579 1279 2630 poesis
1308 2578 1581 2629 conqueritur,
1612 2581 1670 2620 vi-

227 2649 427 2699 deturque
456 2648 512 2687 ita
539 2647 778 2695 instituisse,
808 2651 853 2685 ut
881 2650 1030 2697 poetae
1059 2648 1167 2691 illius
1197 2646 1403 2699 temporis,
1433 2660 1533 2699 quos
1562 2649 1670 2701 ipso-

227 2729 317 2763 rum
345 2715 492 2759 inertia
521 2727 775 2770 nequaquam
812 2715 951 2764 latuit,
989 2715 1147 2772 legatos
1183 2717 1389 2759 mitterent
1419 2717 1469 2762 ad
1504 2717 1673 2777 inferos,
