1716 3164
203 143 289 184 742
513 143 748 185 CALLIAE}
779 145 1037 188 FABULAE
1070 146 1126 188 IN
1130 147 1369 190 CERTAE.

901 255 970 296 IX.

317 336 554 375 Athenaeus
596 336 611 375 I
651 349 693 388 p.
723 338 840 377 22c:
886 332 1097 392 ὀρχησταὶ
1131 334 1297 390 ἔνδοξοι
1326 338 1500 393 Βολβὸς
1535 342 1657 393 (sive

205 399 398 455 Βάλβος)
428 406 509 457 μὲν
538 402 657 459 παρὰ
686 403 889 462 Κρατίνῳ
915 408 989 448 καὶ
1007 405 1195 463 Καλλίᾳ,
1227 407 1379 459 Ζήνων
1406 410 1452 452 δὲ
1482 408 1506 452 ὁ
1538 408 1654 466 Κρὴς

205 495 263 504 --
293 469 414 526 παρὰ
442 470 633 529 Κτησίᾳ.

905 560 956 600 Χ.

319 641 548 682 Scholiasta
591 644 800 696 Aristoph.
833 644 956 696 Vesp.
989 644 1117 683 1480:
1155 642 1199 683 ἐκ
1239 642 1284 683 δὲ
1321 641 1401 683 τοῦ
1435 641 1661 698 ἐλλεβόρου

203 709 278 750 καὶ
307 701 632 763 ἐλλεβοριᾶν
671 709 720 751 τὸ
749 708 978 765 ἐλλεβόρου
1009 709 1207 763 δεῖσθαι,
1235 710 1292 761 ὠς
1308 710 1508 762 Καλλίας
1537 712 1661 768 φησί,

203 778 278 819 καὶ
319 777 611 834 ἐλλεβορίζειν.
681 783 858 834 Etymol.
901 784 960 823 M.
999 796 1039 834 p.
1065 783 1143 822 331
1186 786 1262 823 29:
1302 782 1570 837 ἐλλεβοριᾶν,
1610 781 1660 824 τὸ

203 844 435 903 ἐλλεβόρου
474 847 658 890 δεῖσθαι
690 846 747 898 ὠς
785 847 1032 907 φαρμάκου.
1091 845 1203 891 οὕτω
1233 850 1446 901 Καλλίας.
1504 856 1659 896 Eadem

203 919 351 967 Suidas
381 924 422 959 et
451 922 647 961 Zonaras.
718 922 825 962 Nota
853 923 956 962 haec
987 922 1047 962 vis
1075 923 1293 963 verborum
1330 924 1371 963 in
1402 921 1478 963 ιᾶν
1508 938 1658 966 exeun-

202 989 324 1037 tiam,
363 989 479 1029 cuius
514 994 650 1031 tamen
681 995 723 1031 et
752 997 913 1032 veteres
945 996 986 1032 et
1014 993 1265 1033 recentiores
1303 994 1551 1046 interpretes
1580 995 1657 1034 im-

203 1070 408 1098 memores
437 1059 557 1100 fuere
588 1061 695 1112 apud
723 1063 932 1115 Ari-toph.
953 1062 1061 1102 Plut.
1079 1063 1209 1102 1117:
1240 1059 1290 1101 τὸ
1319 1058 1482 1116 θύριον
1511 1062 1657 1117 φθεγ-

200 1122 387 1181 γόμενον
424 1123 564 1177 ἄλλως
605 1129 806 1187 κλαυσιᾷ,
858 1133 902 1173 h.
939 1146 976 1173 e.
1012 1128 1272 1184 κλαυμάτων
1311 1130 1462 1174 δεῖται.
1531 1134 1658 1174 Verte

202 1199 356 1252 igitur,
392 1201 523 1240 ianua
558 1202 650 1240 sine
689 1214 838 1242 caussa
869 1215 1044 1254 crepans
1075 1202 1303 1255 vapulabit.
1362 1203 1497 1256 Vulgo
1525 1199 1659 1241 κλαυ-

202 1266 305 1307 σιᾶν
338 1269 391 1309 de
422 1270 597 1323 strepitu
626 1270 771 1312 ianuae
800 1272 1049 1324 intelligunt.

899 1374 972 1414 XI.

315 1456 488 1497 Photins
504 1457 603 1497 Lex.
621 1470 661 1510 p.
677 1456 760 1497 245
789 1457 831 1498 2.
862 1455 920 1496 Μ
926 1470 955 1495 α
966 1471 999 1511 μ
1006 1471 1040 1511 μ
1051 1453 1080 1496 ἆ
1090 1467 1115 1496 ν
1131 1472 1141 1496 :
1171 1451 1365 1512 Ἀργεῖοι
1391 1453 1442 1495 τὸ
1472 1451 1656 1498 ἐσθίειν.

202 1516 315 1564 οὕτω
345 1523 557 1574 Καλλίας.

879 1616 994 1656 XIII.

313 1697 488 1738 Photius
519 1698 617 1739 Lex.
647 1711 689 1751 p.
710 1699 791 1738 616
821 1699 888 1742 17.
915 1693 1112 1748 ’Υηνῶνε
1142 1695 1307 1739 σκαιῶν
1336 1697 1410 1737 καὶ
1439 1693 1655 1752 ἀμαθῶν·

201 1765 276 1806 καὶ
306 1761 435 1816 ὑηνία
466 1763 670 1817 σκαιότης
707 1767 782 1806 καὶ
819 1762 1020 1820 ἀμαθία.
1079 1761 1215 1816 οὕτως
1246 1765 1460 1815 Καλλίας.
1522 1771 1657 1809 Zona·

200 1849 268 1877 ras
297 1837 396 1877 Lex.
426 1851 467 1889 p.
499 1839 631 1879 1764:
661 1833 812 1887 ὑηνεὺς
843 1833 866 1876 ὁ
898 1833 1071 1886 σκαιός,
1100 1835 1124 1877 ὁ
1155 1833 1372 1892 φλύαρος,
1403 1834 1426 1876 ὁ
1455 1832 1657 1890 ἀμαθής.

201 1905 276 1945 καὶ
306 1901 451 1956 ὑηνία.
510 1899 623 1946 οὕτω
656 1903 866 1953 Καλλίας.
926 1908 1132 1948 incertum
1164 1912 1225 1948 est
1255 1914 1390 1948 utrum
1432 1902 1561 1956 ὖηνὸς
1590 1909 1657 1947 vel

201 1970 356 2026 ὑηνεὺς
395 1990 444 2018 an
485 1971 617 2026 ὑηνία
655 1990 704 2018 ex
734 1978 863 2019 Callia
892 1977 1101 2020 afferatur.
1169 1977 1244 2019 crr
1275 1978 1534 2019 Pherecratis
1575 1977 1657 2019 fab.

201 2047 282 2088 ine.
311 2048 384 2088 XI.
