1716 3164
499 158 519 183 e
559 134 1007 184 ARISTOFHANES-
1444 135 1531 184 91⁵

63 250 249 308 διδαχώς
278 244 475 307 Εἰρήνην
502 245 665 305 ὁμοίως
694 245 719 290 ὁ
745 241 1106 304 Ἀριστοφάνης·
1135 242 1305 299 ἄδηλον
1330 235 1412 289 οὖν
1439 261 1528 304 φη-

60 338 133 368 σιν
162 320 500 378 Ἐρατοσθένης
539 317 723 376 πότερον
758 319 841 370 τὴν
868 316 1008 369 αὐτὴν
1035 315 1293 371 ἀνεδίδαξεν
1321 313 1351 370 ἢ
1378 315 1530 376 ἑτέραν

58 394 278 446 καθῆκεν,
318 387 414 445 ἥτις
450 390 503 433 οὐ
543 388 737 442 σώζεται.
806 393 912 432 Nam
954 392 1066 443 quod
1103 392 1176 432 ille
1215 391 1530 434 didascaliarum

58 468 344 509 auctoritatem
374 470 562 514 testatur,
590 466 761 520 apparet
789 462 831 505 in
859 462 910 503 iis
940 462 1002 503 bis
1032 462 1196 502 duobus
1223 463 1340 504 annis
1369 467 1413 503 et
1432 463 1529 505 Ari-

58 538 271 593 stophanis
302 542 345 578 et
375 536 492 577 Pacis
519 547 670 576 nomen
701 534 855 578 lectum
898 545 1019 582 esse,
1054 545 1149 575 nam
1178 532 1214 573 si
1243 533 1416 574 alteram
1447 533 1528 575 Pa.

59 623 151 652 cem
180 610 248 650 vel
278 608 511 650 Callistrato
542 605 609 645 vel
640 603 851 649 Philonidi
879 602 1106 654 tribuisset,
1136 604 1306 644 alterius
1335 602 1528 657 profecto

59 693 209 723 nomen
250 680 291 720 in
321 675 634 718 didascaliarum
664 674 942 722 monumentis
981 677 1092 716 esset
1130 675 1429 727 perscriptum:
1466 678 1529 719 at-

60 764 141 804 que
170 739 417 795 veri‘simile
447 751 530 796 est,
559 759 650 787 eam
680 744 886 794 fabulam,
916 757 1038 797 quam
1068 756 1144 785 suo
1174 745 1342 786 nomine
1372 744 1529 787 docue-

60 826 125 863 rat
153 825 286 874 poeta,
315 820 439 860 etiam
469 831 564 858 cum
594 821 818 870 repeteret,
848 816 984 868 ipsum
1016 816 1288 860 commisisse.
1335 816 1528 869 Denique

61 891 227 934 Plutum
255 902 348 931 cum
378 890 571 938 doceret,
610 887 910 940 Aristophanes
946 886 1038 939 ipse
1068 898 1188 927 suum
1220 890 1283 928 est
1311 887 1529 940 professus

57 974 220 1011 nomen,
250 960 330 1003 vid.
361 959 547 1004 Didasc:
586 953 853 997 Τελευταίαν
885 953 931 996 δὲ
963 951 1146 1006 διδάξας
1181 953 1263 1006 τὴν
1291 952 1530 1013 κωμῳδίαν

57 1026 224 1080 ταύτην
263 1028 335 1070 ἐπὶ
378 1027 438 1085 τῷ
482 1024 579 1084 ἰδίῳ
620 1023 827 1081 ὀνόματι,
870 1023 949 1067 τὸν
994 1024 1093 1067 υἱὸν
1131 1022 1271 1073 αὐτοῦ
1306 1025 1530 1078 συστῆσαι

54 1095 283 1156 Ἀραρότα
322 1102 411 1148 τοῖς
441 1099 632 1148 θεαταῖς
663 1095 950 1151 βουλόμενος,
989 1096 1043 1138 τὰ
1082 1094 1305 1139 ὑπόλοιπα
1346 1094 1427 1139 δύο
1456 1093 1526 1140 δι’

58 1169 221 1212 ἐκείνου
258 1168 456 1221 καθῆκε,
494 1167 709 1211 Κώκαλον
748 1169 823 1210 καὶ
862 1163 1185 1212 Αιόλοσίκωνα.
1256 1171 1532 1225 Thesmopho-

58 1245 322 1284 riazusarum
350 1241 387 1283 Ι.
426 1247 468 1283 et
496 1242 887 1285 Ecclesiazusamm
923 1254 1017 1285 cum
1054 1242 1166 1283 nulla
1202 1246 1316 1284 extet
1345 1242 1532 1285 didasca-

59 1315 135 1365 lia,
181 1318 317 1354 utrum
366 1314 456 1366 ipse
491 1317 615 1367 poeta
653 1326 704 1355 an
741 1325 816 1366 per
853 1313 956 1354 alios
992 1313 1269 1363 commiserit,
1315 1313 1533 1356 diiudicari

58 1385 214 1438 nequit.

171 1456 256 1495 Iam
294 1458 510 1508 postquam
547 1453 892 1502 examinavimus,
930 1464 1037 1505 quae
1073 1457 1239 1496 veteres
1275 1453 1533 1508 grammatici

58 1526 143 1567 fide
181 1526 295 1579 digni
335 1538 526 1578 quaeque
572 1525 888 1567 didascaliarum
925 1529 1192 1566 monumenta
1231 1526 1429 1567 exhibent
1476 1524 1532 1566 de

58 1597 292 1638 Callistrato
323 1601 366 1636 et
386 1596 619 1645 Philonide,
650 1595 852 1637 accedere
880 1607 1101 1647 possumus
1130 1596 1183 1636 ad
1212 1609 1275 1646 ea,
1305 1608 1412 1648 quae
1439 1595 1534 1649 ipse

58 1667 358 1720 Aristophanes
385 1667 429 1707 in
458 1665 684 1706 comoediis
714 1666 768 1706 de
798 1665 877 1706 hac
905 1678 952 1706 re
978 1665 1173 1719 prodidit,
1203 1679 1311 1719 quae
1339 1670 1428 1707 tum
1458 1666 1534 1707 de-

59 1750 172 1778 mum
211 1738 319 1777 clara
356 1738 399 1776 in
436 1736 530 1776 luce
568 1736 765 1776 collocari
801 1740 999 1790 possunt,
1045 1737 1117 1777 ubi
1159 1737 1400 1779 adhibueris
1438 1737 1533 1788 ista,

60 1821 167 1861 quae
199 1808 323 1849 modo
353 1807 640 1848 recensuimus
669 1808 933 1849 testimonia:
958 1809 1082 1849 tertio
1112 1808 1293 1861 denique
1322 1809 1416 1850 loco
1444 1820 1535 1851 me-

58 1879 283 1919 morandae
333 1883 429 1919 sunt
473 1878 788 1920 scholiastarum
828 1879 1137 1930 adnotationes,
1190 1892 1296 1933 quae
1340 1878 1535 1933 quoniam

0 1996 1 2006 ἵ
54 1951 273 1992 maximam
301 1954 461 2002 partem
489 1962 566 2003 pro
596 1950 767 1990 arbitrio
797 1949 1084 2004 Aristophanis
1114 1951 1306 2001 orationi,
1336 1949 1534 2003 quemad-

59 2021 225 2063 modum
254 2022 502 2074 interpretes
530 2021 593 2061 illi
619 2021 926 2071 intellexerant,
957 2021 1292 2063 accommodatae
1310 2025 1420 2071 sunt,
1449 2033 1534 2063 non

0 2091 1 2113 ³
60 2092 149 2133 aine
177 2092 313 2144 aliqua
343 2092 535 2133 cautione
563 2092 757 2145 usurpari
785 2096 972 2146 possunt.
1016 2094 1073 2134 Et
1101 2093 1192 2147 ipse
1217 2092 1385 2147 quidem
1408 2095 1534 2145 poeta

0 2146 3 2203 s
58 2162 101 2203 in
137 2163 382 2215 Equitibus,
428 2175 552 2215 quam
596 2163 853 2204 comoediam
899 2176 975 2205 auo
1020 2164 1190 2211 nomine
1226 2163 1389 2213 docuit,
1433 2161 1535 2203 dicit

0 2255 1 2270 ³
61 2245 100 2273 v.
128 2233 241 2272 512:

109 2295 176 2340 “A
206 2299 252 2339 δὲ
282 2294 534 2351 θαυμάζειν
563 2295 686 2352 ὑμῶν
715 2312 855 2353 φησιν
885 2299 1073 2349 πολλοὺς
1101 2297 1221 2357 αὐτῷ
1250 2294 1521 2355 προσιόντας

117 2370 194 2410 καὶ
225 2366 490 2422 βασανίζειν,
518 2364 576 2416 ὡς
606 2365 702 2423 οὐχὶ
732 2366 870 2410 πάλαι
890 2368 1024 2425 χορὸν
1054 2365 1202 2422 αἰτοίη
1231 2366 1348 2412 καθ’
1365 2365 1535 2419 ἑαυτόν,

118 2435 235 2494 ἡμᾶς
264 2436 368 2494 ὑμῖν
396 2437 586 2480 ἐκέλευσε
616 2435 787 2495 φράσαι
817 2440 915 2494 περὶ
945 2438 1128 2482 τούτου·
1167 2441 1281 2496 φησὶ
1311 2442 1395 2496 γὰρ
1424 2437 1537 2496 ἁνὴρ

116 2505 198 2564 οὐχ
234 2505 315 2551 ὑπ’
351 2507 506 2558 ἀνοίας
545 2508 676 2551 τοῦτο
711 2507 953 2559 πεπονθώς
994 2508 1264 2566 διατρίβειν,
1311 2510 1426 2554 ἀλλὰ
1462 2524 1534 2554 νο-

844 2580 980 2635 μίζων

118 2646 602 2706 κωμῳδοδιδασκαλίαν
629 2641 744 2692 dvm
769 2650 1083 2706 χαλεπώτατον
1115 2651 1242 2708 ἔργον
1268 2649 1491 2696 ἁπάντων.

120 2718 291 2762 πολλῶν
319 2718 403 2776 γὰρ
436 2718 491 2771 δὴ
517 2718 821 2776 πειρασάντων
850 2720 990 2775 αὐτὴν
1017 2720 1180 2779 ὀλίγοις
1203 2723 1507 2782 χαρίσασθαι,

1161 2795 1220 2838 58
1250 2799 1270 2821 *
