1716 3164
508 690 563 748 Τ
585 691 648 748 Η
674 690 728 746 Ε
753 689 805 746 0
829 690 881 746 P
905 691 958 748 Ο
982 690 1050 749 Μ
1068 691 1122 748 P
1148 690 1204 748 U
1229 691 1294 749 S.

608 794 738 843 (nist.
770 793 858 834 crit.
890 808 929 847 p.
959 796 1042 834 236
1071 796 1179 846 sqq.)

590 1085 1244 1130 ΛΔΜΗΤΟΣ.

296 1219 533 1260 Athenaeus
562 1219 639 1260 XV
669 1233 708 1271 p.
739 1219 821 1258 690
836 1232 879 1258 a:
911 1214 1169 1271 μνημονεύει
1200 1217 1246 1258 δὲ
1273 1215 1353 1258 τοῦ
1378 1212 1637 1272 μυροπώλου

183 1282 354 1336 τούτου,
382 1285 461 1327 τοῦ
474 1285 691 1341 Πέρωνος,
719 1287 794 1327 καὶ
813 1283 1072 1340 Θεόπομπος
1096 1286 1142 1327 ἐν
1166 1283 1378 1343 Ἀδμήτῳ
1403 1286 1478 1327 καὶ
1500 1282 1637 1327 Ἡδυ-

183 1351 321 1411 χάρει.
380 1358 442 1399 De
471 1358 632 1399 Per-one
660 1359 932 1410 unguentario
963 1358 1026 1398 cfr
1045 1359 1340 1399 Anaxandridis
1357 1358 1632 1399 Protes.111.

184 1426 247 1467 De
276 1427 356 1467 alio
392 1427 651 1479 fragmento,
691 1426 801 1479 quod
841 1427 891 1466 ad
922 1427 1092 1468 eandem
1122 1428 1227 1470 hanc
1254 1428 1435 1470 fabulam
1461 1427 1634 1468 rettule-

186 1500 297 1545 runt,
325 1496 434 1537 infra
463 1497 546 1536 dixi
575 1497 673 1536 Fab.
703 1497 783 1536 inc.
813 1496 883 1536 Vl.

597 1716 1230 1767 AAeA1A.*)

898 1841 928 1879 Ι.

360 1917 452 1969 Τὴν
480 1917 623 1960 οἰκίαν
651 1918 733 1973 γὰρ
761 1911 886 1974 εὗρον
913 1915 1128 1961 εἰσελθών
1156 1913 1262 1969 ὅλην

352 1999 507 2054 κίστην
533 2004 761 2057 γεγονυῖαν
790 1999 1146 2060 φαρμακοπώλου
1176 1999 1440 2058 Μεγαρικοῦ.

294 2114 442 2156 Pollux
469 2115 508 2156 X
537 2116 642 2156 180:
685 2111 832 2154 κίσται
870 2111 922 2155 οὐ
947 2110 1085 2168 μόνον
1113 2110 1339 2169 ὀψοφόροι
1367 2110 1467 2155 οὐδὲ
1495 2109 1634 2163 ἄλλως

183 2177 334 2234 ἀγγεῖα
362 2178 423 2231 εἰς
449 2180 659 2233 ἐσθήτων
694 2179 941 2235 ἀπόθεσιν,
970 2181 1080 2223 ἀλλὰ
1107 2183 1184 2222 καὶ
1212 2183 1261 2222 αἱ
1289 2182 1375 2223 τῶν
1402 2197 1634 2238 φαρμακο-

184 2249 341 2292 πωλῶν
369 2247 426 2292 ἂν
452 2251 654 2293 καλοῖντο
683 2281 738 2287 -
766 2247 911 2308 ὥσπερ
939 2267 1025 2294 που
1051 2253 1126 2293 καὶ
1159 2248 1416 2307 Θεόπομπος
1443 2250 1489 2292 ἐν
1523 2249 1632 2292 Ἀλ-

184 2318 307 2377 θαίᾳ
347 2317 621 2372 Τὴνοῖκιάν
659 2321 741 2376 γὰρ
778 2315 904 2377 εὗρον
939 2322 1030 2365 κτλ.
1101 2324 1297 2364 Althaeae
1333 2324 1456 2363 aedes
1493 2323 1632 2364 dicere

185 2392 348 2432 videtur
382 2395 550 2446 magieis
588 2396 742 2434 artibus
782 2395 984 2446 Meleagri
1020 2395 1230 2434 interitum
1269 2405 1498 2433 eversurae.
1570 2393 1632 2433 De

186 2462 329 2502 eadem
357 2464 530 2504 Althaea
558 2477 733 2515 sequens
762 2463 1036 2516 fragmentum
1071 2465 1334 2515 interpretor.
1408 2463 1469 2502 De
1507 2462 1630 2513 phar-

185 2533 406 2584 monopolis
435 2534 655 2587 Megaricis
684 2534 865 2582 aliunde,
895 2537 1089 2586 quantum
1119 2532 1299 2582 memini,
1328 2531 1429 2572 nihil
1458 2534 1627 2574 constat.
1708 2540 1709 2581 j

187 2601 304 2642 Unus
332 2601 438 2643 liber
463 2599 716 2657 μεγειρικοῦ.

278 2746 309 2790 ·)
334 2745 374 2780 V.
401 2746 488 2782 Hist.
514 2748 588 2782 crit.
613 2761 646 2792 p.
673 2749 749 2783 239.
