1716 3164
482 94 746 135 FABULAE
779 93 1083 135 INGERTAE.
1452 91 1537 133 718

58 205 319 246 scribendum
351 202 401 246 τὸ
432 202 571 246 νεύειν
602 202 838 261 [ὀφρὺοζιν]
871 202 1118 261 ὀφρυὰζειν.
1180 208 1376 247 Ceterum
1409 218 1535 258 quum

58 276 169 316 idem
208 278 500 330 grammaticus
538 280 565 320 l.
597 279 627 320 Ι.
669 280 775 330 §49
815 276 864 318 τὸ
902 274 1107 329 συνάγειν
1144 273 1283 332 ὁ([ρῦς
1322 278 1536 331 proprium

58 360 151 387 esse
190 349 299 388 dicat
338 347 425 388 τῶν
454 347 751 406 φροντιστῶν,
790 363 872 391 non
913 350 1195 402 improbabilis
1238 350 1368 390 videri
1398 345 1538 402 Potest

58 419 279 460 Fritzschii
311 422 479 473 Quaest.
510 424 633 464 Arist.
667 422 683 462 1
714 435 754 474 p.
773 421 855 462 256
887 422 1138 471 coniectura,
1169 421 1271 461 illud
1302 414 1538 476 ὀφρυάζειν

59 504 109 531 ex
143 491 284 532 Conno
316 493 542 534 derivatum
573 505 678 533 esse.

764 604 835 645 IX.

170 689 317 730 Pollux
349 689 407 729 111
438 686 514 729 48:
554 685 633 729 τὸν
663 686 709 729 δὲ
740 685 960 742 νεόγαμον
990 683 1258 742 νεογύνην
1286 682 1536 742 ’Λμειψίας

56 753 273 811 ὠνόμασε.
332 761 410 800 MS
443 755 677 815 νεογὴμην.

757 846 811 888 Χ.

167 928 337 980 Suidas‚
396 926 821 984 Ἀναβιβῶμαιε
876 925 978 970 ἀντὶ
1036 927 1119 969 τοῦ
1177 908 1532 985 ἆναβιβάσομαι.

53 990 311 1052 Ἀμειψίας.
369 1003 528 1044 Eadem
562 1005 745 1045 Zonaras
775 1005 876 1045 Lex.
908 1004 926 1044 1
955 1018 996 1057 p.
1027 1001 1126 1043 195.

752 1117 826 1158 ΧΙ.

171 1196 343 1239 Photius
373 1200 472 1241 Lex.
502 1214 544 1255 p.
573 1201 660 1243 525
690 1203 732 1244 4.
779 1196 985 1250 Σκότος
1025 1200 1100 1242 καὶ
1132 1194 1356 1242 σκότον;
1389 1194 1533 1239 ἑκατέ-

57 1279 155 1321 ρως.
212 1261 351 1317 οὕτως
375 1265 636 1326 Ἀμειψίας.

747 1357 842 1399 XII.

165 1438 259 1481 Vita
289 1441 500 1496 Aritoph.
518 1456 558 1495 p.
573 1441 716 1484 XVIII
749 1442 814 1484 ed.
846 1443 969 1484 Dind.
1001 1439 1072 1482 διὸ
1103 1441 1177 1482 καὶ
1207 1438 1426 1483 ἔσκωττον
1455 1435 1536 1480 αὐ-

54 1504 132 1548 τὸν
174 1510 539 1566 (Aristophanes)
582 1508 915 1569 Ἀριστώνυμος
958 1526 1003 1553 τε
1049 1513 1125 1554 καὶ
1166 1508 1416 1567 Ἀμειψίας
1452 1524 1536 1551 τε-

54 1576 222 1634 τράδι
263 1577 435 1622 αὐτὸν
477 1582 734 1637 λέγοντες
779 1583 1070 1638 γενέσθαι.
1140 1586 1248 1628 Vide
1285 1586 1337 1626 ad
1376 1585 1536 1627 Aristo-

51 1652 163 1706 nymi
193 1653 333 1696 Solem
361 1656 458 1709 frig.
489 1659 562 1701 VI.

736 1741 851 1782 XIII.

169 1816 446 1866 Antiatticista
476 1840 517 1880 p.
547 1827 630 1867 113
659 1827 736 1867 26:
766 1819 1316 1886 Σῒρωματόῦεσμον,
1351 1824 1429 1865 καὶ
1458 1820 1536 1880 ἅρ-

55 1891 228 1950 ρενικιῦς
253 1895 328 1935 καὶ
358 1891 607 1953 οὐδετέρως.
634 1893 895 1952 Ἀμειψίας.
957 1898 1006 1940 V.
1031 1897 1264 1938 Lobeckius
1294 1897 1346 1938 ad
1378 1897 1535 1951 Phryn-

56 1978 98 2019 ι).
128 1966 227 2008 401.
284 1996 291 2004 .

742 2053 855 2096 XIV·

169 2136 469 2179 Grammaticus
485 2139 665 2180 Bekkeri
683 2140 839 2180 Anecd.
855 2153 895 2192 p.
914 2139 996 2179 365
1013 2139 1083 2179 30.
1108 2133 1191 2177 ’Άκ
1205 2150 1228 2176 ο
1242 2150 1272 2176 π
1284 2149 1307 2175 ο
1319 2150 1340 2183 ς
1370 2131 1398 2174 ἆ
1410 2147 1435 2175 ν
1447 2130 1470 2185 ἡ
1485 2151 1533 2191 ρε

58 2201 159 2246 ἀντὶ
188 2205 267 2247 τοῦ
296 2203 467 2248 οὐδέπω
497 2203 790 2263 ἠνοχλημένος
820 2205 906 2250 ὑπό
936 2221 1068 2258 τινος.
1108 2201 1247 2256 οὕτως
1273 2201 1537 2262 Ἀμειψίας.

28 2303 38 2309 -
58 2277 217 2318 Eadem
249 2279 397 2319 Suidas
427 2292 460 2320 s.
491 2293 528 2320 v,
560 2275 738 2328 ἄκοπος.

759 2393 850 2435 XV.

167 2475 468 2518 Grammaticus
497 2469 677 2518 Bekkeri
706 2479 863 2520 Anecd.
895 2477 1036 2531 p.403
1067 2476 1108 2517 5.
1151 2469 1396 2525 ’Λνήκειε
1425 2469 1534 2515 Ἀν-

53 2545 194 2599 τιφιόν
229 2546 310 2600 μὲν
347 2543 447 2587 ἀντὶ
481 2546 562 2588 τοῦ
598 2544 804 2599 καθήκει,
841 2543 1086 2602 ’Λμειψίας
1124 2543 1171 2586 δὲ
1210 2541 1392 2596 ἀνήκω
1433 2542 1536 2586 ἀντὶ

52 2614 131 2656 τοῦ
159 2612 419 2671 ἀναβέβηκα
447 2619 524 2660 καὶ
553 2615 845 2674 προελήλυθα
874 2616 976 2674 ἔφη.
1042 2619 1203 2660 Eadem
1242 2618 1391 2660 Suidas
1431 2631 1464 2660 S.
1495 2631 1533 2660 V.

53 2682 216 2742 ἀνήκει,
246 2690 327 2732 nisi
357 2691 469 2745 quod
499 2705 575 2746 pro
604 2686 749 2742 ἀνήκω
780 2692 930 2734 vitiose
960 2691 1128 2733 exhibet
1157 2685 1311 2740 α’νῆκα.
