1716 3164
624 196 670 237 A
677 195 720 237 ‹1›
732 193 994 236 ΡΟΔΙΣΙΑ.
1463 194 1548 235 793

791 368 841 406 ΙΙ.

288 453 509 509 Λαβοῦσα
541 449 681 508 πλήρη
707 450 899 506 χρυσέαν
929 444 1224 502 μεσόμφαλον

291 538 481 597 φιάλην·
518 537 731 587 Τελέστης
762 531 815 575 δ’
852 530 1020 574 ἄκατον
1049 528 1248 587 ὠνόμαζέ
1282 545 1360 574 νιν.

177 657 416 698 Athenaeus
460 654 519 694 XI
558 667 598 706 p.
636 650 771 692 5011·
809 651 861 690 de
904 649 1056 703 poculo
1099 642 1394 701 μεσόμφαλος
1436 648 1547 690 dicto

69 728 297 770 disserens:
319 722 426 766 Ἴων
456 723 482 764 ὃ
496 720 506 733 '
539 721 586 763 ἐν
611 717 849 776 Ὀμφάλῃ·

722 787 817 832 Ἴτ’
846 789 1066 846 ἐκφορεῖτε
1095 787 1323 843 παρθένοι

301 862 493 907 κύπελλα
522 865 598 906 καὶ
627 859 958 919 μεσομφάλους.

63 935 138 978 καὶ
172 932 433 992 Θεόπομπος
471 931 521 977 δ’
553 935 600 977 ἐν
626 930 840 990 Ἀλθαία
868 929 1092 986 Λαβοῦσα
1129 959 1186 967 -
1222 926 1421 986 ὠνόμαζέ
1462 943 1546 982 νιν,

61 1003 120 1056 ὥς
149 1006 229 1050 τοῦ
263 1007 478 1051 Τελέστου
508 1004 676 1049 ἄκατον
705 1007 822 1059 (libri
852 1000 1066 1058 ἄκρατον)
1108 998 1276 1059 φιάλην
1305 999 1546 1058 ὀνομάζον-

63 1091 152 1128 τος.
210 1081 282 1124 Vs.
313 1082 336 1121 1
362 1079 556 1136 χρυσέαν
585 1080 813 1122 Piersouus
843 1076 896 1117 ad
926 1076 1061 1118 Moer.
1094 1089 1136 1129 p.
1167 1075 1264 1117 413.
1296 1076 1411 1117 Libri
1437 1088 1548 1131 χρυ-

64 1147 190 1192 σέων.
254 1151 492 1193 Secundum
534 1165 700 1193 versum
743 1150 979 1192 emendavit
1010 1148 1221 1189 Porsonus
1251 1147 1303 1189 ad
1333 1148 1547 1202 Euripidis

66 1222 262 1262 Medeam
293 1237 333 1276 p.
355 1224 411 1264 34
441 1224 552 1276 Lips.
611 1223 727 1264 Libri
756 1216 950 1276 ἄκρατον
977 1213 1204 1272 ὠνόμαζεν
1232 1211 1311 1261 ἵν’.
1356 1219 1548 1274 Respicit

68 1292 372 1335 Grammaticus
402 1294 581 1335 Bekkeri
610 1295 767 1335 Anecd.
796 1307 837 1347 p.
854 1293 935 1333 371
966 1291 1008 1333 5.
1029 1285 1252 1338 ”Ακατος;
1285 1286 1440 1346 φιάλη,
1471 1287 1546 1331 διὰ

69 1359 121 1402 τὸ
150 1360 339 1402 ἐοικέναι
369 1361 621 1420 στρογγύλῳ
661 1360 814 1419 πλοίῳ.
871 1355 987 1403 οὕτω
1032 1356 1309 1414 Θεόπομπος.
1368 1363 1432 1403 De
1462 1363 1548 1404 're-

64 1433 171 1475 leste
200 1435 455 1485 Selinuntio,
485 1435 844 1490 dithyramborum
866 1438 1038 1476 auctore
1066 1432 1180 1476 haud
1209 1433 1437 1486 incelebri,
1465 1435 1547 1476 alio

65 1505 159 1548 loco
189 1506 322 1547 dicam
352 1506 572 1561 copiosius.

465 1786 1059 1832 ΑΦΡΟΔΙΣΙΑ.
1118 1788 1158 1837 *)

792 1915 824 1954 1.

258 1990 397 2045 ’Όνος
423 1997 505 2050 μὲν
534 1993 700 2050 dynam·
733 1994 758 2039 ὁ
790 1992 1009 2044 Μελιτεὺς
1042 1991 1308 2045 Φιλωνίδης.

266 2076 353 2138 ὄνῳ
381 2078 582 2136 μιγείσης
611 2080 779 2140 μητρὸς
808 2080 1024 2137 ἔβλαστεν
1053 2076 1194 2123 πόλει.

182 2192 411 2236 Scholiasta
440 2197 730 2252 Aristophanis
762 2198 873 2239 Plut.
904 2198 1012 2239 1792
1042 2192 1314 2252 κωμῳδεῖται
1346 2191 1392 2234 δὲ
1423 2195 1549 2246 (Phi-

69 2263 252 2318 lonides)
280 2260 339 2314 αἷς
367 2262 552 2322 εὔπορος
577 2267 653 2309 καὶ
682 2264 739 2316 ὥς
767 2267 905 2322 μέγας
944 2264 1006 2323 τῷ
1044 2262 1219 2320 σώματι
1248 2265 1326 2306 καὶ
1354 2262 1549 2316 ἠλίθιος.

72 2331 322 2390 Νικοχάρης
351 2333 572 2393 Γάλατείᾳ
603 2340 865 2392 (Fragm.1)
897 2337 995 2391 περὶ
1025 2336 1071 2377 δὲ
1102 2335 1181 2376 τοῦ
1210 2335 1431 2389 μεγέθους
1466 2335 1552 2378 Φι-

71 2399 245 2454 λύλλιός
290 2419 403 2461 φησι
449 2407 647 2460 (Fragm.
678 2410 744 2460 V)
790 2408 867 2448 καὶ
906 2404 1101 2448 Πλάτων
1143 2405 1190 2447 δὲ
1229 2406 1361 2463 Λαΐῳ
1410 2408 1552 2461 φησὶν

71 2478 266 2532 (Fragm.
298 2478 366 2530 11)
412 2477 490 2517 καὶ
533 2473 797 2532 Θεόπομπος
833 2474 1150 2535 Ἀφροδισίοις
1176 2474 1317 2527 ’Όνος
1352 2480 1434 2532 με’-ν
1473 2477 1552 2533 ὀγ-

73 2544 189 2589 κᾶθ’
217 2546 308 2591 κτλ.
366 2550 525 2592 Versus
555 2551 787 2603 secundus,
816 2552 860 2594 in
891 2564 973 2605 quo
1003 2547 1218 2604 ἔβλαστεν
1248 2547 1373 2591 πόλει
1402 2553 1551 2607 scripsi

71 2620 201 2672 (nist.
225 2621 317 2663 crit.
332 2634 375 2675 p.
389 2622 494 2672 293)
523 2635 600 2677 pro
631 2618 817 2676 ἔβλαστε
850 2618 902 2680 τῇ
932 2617 1058 2663 πόλει
1090 2624 1166 2675 **),
1202 2623 1381 2666 dubitari
1409 2628 1551 2679 potest

164 2765 196 2810 ⁸)
220 2766 262 2802 V.
285 2766 377 2802 Hist.
402 2767 478 2803 crit.
502 2781 537 2814 p.
563 2770 645 2805 239.
788 2771 838 2816 '')
862 2772 916 2805 De
940 2767 1042 2811 πόλις
1069 2770 1144 2806 sine
1170 2771 1315 2808 articulo
1339 2773 1480 2810 Schaes.
1505 2776 1549 2809 ad

74 2824 164 2861 Plut.
187 2825 234 2861 IV
256 2827 336 2863 416.
