1716 3164
514 144 778 187 FABULAE
812 144 1116 186 [NGERTABJ.
1474 147 1553 187 741

0 301 2 317 ἓ
75 273 181 314 quae
209 271 334 312 supra
366 258 448 299 dixi
478 258 530 299 ad
561 258 761 299 Pherecr.
793 271 835 311 p.
866 259 950 299 29⁰
989 263 1032 299 et
1059 257 1339 300 Fritzschium
1377 258 1429 298 ad
1460 260 1554 300 Ari-

0 337 4 341 ”
72 330 208 383 stoph.
250 330 419 370 Thesm.
459 342 501 382 p.
534 329 632 371 239.
701 329 782 370 Pro
820 326 908 382 πῦρ
950 330 1158 371 Arnaldu·
1197 331 1313 370 Lect.
1350 343 1413 383 gr.
1445 330 1460 370 1
1500 331 1554 370 17

73 401 251 442 coniecit
279 397 411 455 πῦαρ,
441 400 703 441 Fritzsehius
732 394 959 453 πυριάτης.
1018 402 1113 442 Hoc
1142 402 1177 441 si
1208 413 1352 441 verum
1384 406 1462 452 est,
1493 402 1553 442 lo·

72 484 145 513 cus
175 472 388 525 dactylicis
418 472 670 514 hexametris
699 474 927 524 conceptus
956 470 1088 510 fuisse
1119 472 1250 511 videri
1280 476 1444 523 potest:

973 536 1148 589 ’Έτνος,
1180 536 1408 596 πυριάτης,

185 609 451 666 γογγυλίδες,
481 605 689 670 ῥάφανοι,
721 607 966 666 δρυπεπεῖς,
995 609 1201 667 ἐλατῆρες
1236 625 1258 651 υ
1288 639 1341 646 —
1374 639 1427 645 -

770 735 844 778 111.

308 816 485 876 Τραυλὴ
515 818 598 875 μέν
626 817 758 872 ἐστιν,
791 815 893 860 ἀλλ’
923 817 1279 876 ἀνεστομωμένη.

179 937 330 977 Pollux
358 935 396 975 ll
428 936 535 976 102:
565 929 886 988 ἀναστομοῖσαι
915 931 995 982 τὰς
1024 930 1220 991 τάφρους
1250 936 1392 991 φησὶν
1417 933 1549 993 Ἠρό-

67 1004 195 1055 δοτος
224 1008 371 1058 (immo
402 1007 596 1059 Xenoph.
627 1007 781 1059 Cyrop.
813 1006 888 1048 Vll
918 1006 967 1057 5)
1007 1005 1082 1046 καὶ
1114 1004 1320 1056 Καλλίας
1357 1003 1382 1049 ὁ
1412 1022 1549 1062 κωμι-

65 1076 140 1127 κὸς
174 1073 351 1133 Τραυλὴ
381 1075 464 1132 μέν
490 1074 581 1119 κτλ.
653 1078 855 1118 Dicuntur
891 1079 997 1118 haec
1026 1078 1069 1119 in
1100 1079 1321 1121 mulierem
1352 1081 1548 1131 blaesum,

65 1151 140 1192 sed
181 1150 308 1190 multa
345 1150 387 1191 in
431 1149 608 1190 dicendo
642 1149 868 1190 acrimonia
906 1154 1108 1190 utentem.
1181 1150 1296 1191 Idem
1343 1153 1546 1205 expressit

65 1222 297 1276 Sophocles
328 1222 434 1263 oed.
465 1220 557 1262 Col.
586 1220 671 1261 799
702 1219 844 1261 dicens
875 1217 1044 1271 πολλὴν
1073 1215 1183 1274 ἔχειν
1213 1216 1452 1276 στόμωσιν.

677 1358 678 1362 =
764 1334 836 1376 IV.

179 1420 327 1460 Pollux
359 1418 397 1458 ll
431 1419 534 1458 101:
580 1412 783 1467 Καλλίας
812 1415 860 1458 δὲ
888 1413 913 1459 ὁ
942 1415 1131 1473 κωμικὸς
1159 1417 1235 1460 καὶ
1263 1415 1547 1475 μετάλλου

65 1487 248 1546 στόμα
284 1488 439 1545 εἴρηκε.

777 1575 826 1617 V.

174 1663 322 1704 Pollux
353 1662 392 1702 11
424 1662 528 1701 112:
574 1659 650 1699 καὶ
699 1655 1108 1716 στρηνόφωνος
1146 1658 1269 1718 παρὰ
1306 1658 1546 1718 Καλλίστῳ

60 1731 246 1790 κωμικῷ.
313 1732 558 1786 Legendum
596 1727 780 1786 Καλλίᾳ
819 1729 882 1788 τῷ
916 1731 1112 1791 κωμικῷ,
1152 1740 1198 1776 ut
1237 1734 1380 1776 monui
1418 1735 1544 1775 Gom-

61 1810 188 1848 ment.
219 1804 342 1846 Misc.
375 1804 392 1843 l
422 1817 463 1856 p.
493 1803 563 1843 32.
623 1804 852 1856 Occupavit
882 1804 1096 1847 Porsonus
1126 1807 1249 1847 Misc.
1281 1820 1321 1859 p.
1354 1805 1484 1848 Lvn.

761 1895 832 1937 Vl.

175 1981 323 2022 Pollux
356 1979 395 2019 ll
429 1978 538 2018 186:
578 1977 651 2018 καὶ
693 1975 742 2019 τὸ
780 1976 1111 2033 βουβωνιᾶν
1148 1977 1322 2022 ἐκεῖθεν
1351 1983 1404 2033 (a
1435 1979 1542 2035 βου-

59 2049 184 2108 βών),
212 2046 271 2100 ὥς
299 2045 324 2091 ὁ
354 2044 572 2098 Καλλίας.

745 2130 839 2173 Vll.

170 2217 321 2257 Pollux
352 2216 412 2256 111
443 2214 522 2255 25:
561 2208 809 2270 ἅδελᾳ-ίζειν
837 2211 1092 2272 Ἰσοκράτης
1121 2206 1230 2259 εἶπε.
1289 2216 1368 2257 καὶ
1407 2212 1538 2256 ἁδελ-

58 2285 144 2343 ᾳὰς
168 2284 214 2326 δὲ
243 2284 350 2341 ἐρεῖς
378 2281 637 2338 ἐπιθυμίας.
671 2282 874 2335 Καλλίας
903 2285 949 2326 δὲ
981 2283 1375 2342 ὃυαδελφίδην
1404 2284 1541 2327 ταύ-

59 2355 126 2414 τῷ
153 2353 320 2412 μυχῷ.
378 2357 496 2397 Haec
526 2361 720 2409 corrupta
750 2371 847 2399 esse
877 2363 1067 2413 apertum
1098 2363 1176 2399 est.
1230 2360 1429 2401 Fortasse
1459 2353 1536 2399 δύ’

59 2421 286 2483 ἆόελφίδι’
319 2424 367 2466 ἐν
395 2420 541 2482 ταύτῷ
569 2424 703 2483 μυχῷ.

743 2518 860 2560 Vlll.

170 2603 319 2645 Pollux
349 2604 407 2646 IV
436 2605 486 2644 9:
526 2601 601 2642 καὶ
628 2600 781 2657 μέντοι
810 2604 885 2644 καὶ
915 2601 1250 2655 δοκησίνους
1280 2599 1308 2656 ἢ
1337 2606 1413 2646 καὶ
1443 2604 1534 2647 δο-

59 2672 372 2726 κησιδέξιοι
422 2670 621 2723 Καλλίας
676 2672 844 2729 εἴρηκεν
887 2672 911 2716 ὁ
955 2672 1155 2729 κωμικός.
1229 2675 1535 2729 Δοκησιδέξιος

61 2745 160 2788 dixit
189 2747 312 2789 etiam
343 2747 618 2789 Pherecrates
647 2761 687 2803 p.
720 2747 817 2790 340.
