1716 3164
638 198 664 240 1
674 197 1062 241 ἉΝΥΜΗΔΗΣ.
1500 199 1585 241 825

109 309 382 366 πολυτροπία
411 314 451 354 ἰη
483 315 691 368 proverbii
723 328 842 356 usum
872 315 986 356 abiit.
1031 314 1184 356 Notum
1215 316 1279 355 est
1308 312 1411 354 illud
1443 311 1584 353 Theo·

108 385 242 438 gnidis
271 384 378 426 215:
419 380 648 426 πουλύπου
685 382 822 440 ὀργὴν
865 384 956 438 ἴσχε
989 379 1291 440 πολυτρόπου,
1336 389 1379 426 et
1418 383 1585 426 Pindari

109 455 257 509 fragm.
290 456 396 497 173:

278 522 461 566 ποντίου
490 526 636 582 θηρὸς
664 523 873 581 πετραίου
899 524 1035 580 χρωτὶ
1064 520 1259 578 μάλιστα
1290 521 1395 566 νόον

278 596 538 651 προσφέρων
561 594 728 645 πάσαις
757 594 988 637 πολίεσσιν
1018 591 1183 649 ὁμίλει·

275 666 337 722 τῷ
366 668 573 723 παρέοντι
603 663 653 707 δ’
687 662 931 717 ἑπαινήσας
960 663 1066 706 ἑκών

278 735 434 779 ἄλλοτ’
467 736 623 779 ἀλλοῖα
655 730 822 794 φρόνει.

110 812 252 864 ltaque
280 811 494 865 probabile
526 817 589 852 est
619 811 671 851 de
702 811 870 851 homine
901 809 1035 862 egisse
1059 812 1240 862 poetam,
1269 808 1341 861 qui
1370 807 1584 850 stultitiam

105 888 154 922 et
183 882 487 934 simplicitatem
527 882 755 931 simularet,
795 882 894 921 licet
925 880 1152 921 versicolor
1194 883 1305 920 esset
1336 883 1378 920 et
1405 879 1584 919 callidis-

109 954 215 993 sime
245 954 499 1006 temporibus
529 954 763 995 inserviret.
810 953 878 993 Tu
907 952 1141 1005 simplicem
1172 964 1314 991 narras
1342 950 1587 990 hominem?

106 1023 189 1064 imo
227 1037 326 1064 vero
368 1025 542 1066 multum
580 1025 756 1066 interest
802 1023 909 1063 inter
949 1022 1256 1075 simplicitatem
1304 1025 1348 1062 et
1391 1021 1587 1061 versatile

106 1095 248 1148 polypi
278 1096 513 1149 ingenium:
558 1091 717 1147 πολύγε
756 1091 956 1152 διαᾳξρει
986 1088 1201 1146 ἷῆλίθιον
1237 1081 1353 1131 εἶναι
1393 1088 1501 1131 νοῦν
1538 1102 1582 1130 τε

106 1159 382 1214 πουλύποδος
421 1162 544 1221 ἔχειν.
612 1166 717 1208 Tale
741 1165 853 1220 ,quid
895 1166 1005 1207 enim
1040 1163 1210 1219 „videtur
1247 1163 1434 1218 proxime
1465 1176 1586 1218 prae·
1650 1158 1653 1161 ’

108 1236 294 1278 cessisse.

529 1509 1157 1554 ΓΛΝΥΜΗΔΗΣ.

348 1715 589 1774 Κατάχωλε
620 1718 804 1762 θᾶσσον
833 1715 862 1772 ἢ
891 1715 1196 1777 κεραυνοπλὴξ
1225 1715 1328 1760 ἔσει.

221 1832 497 1874 Antiatticista
526 1848 568 1888 p.
598 1836 681 1876 102
709 1838 780 1878 29.
822 1831 1085 1888 Κατάχωλεε
1122 1829 1335 1881 Ἀλκαῖος
1377 1831 1585 1888 Ιῖινυμὴ-

110 1899 187 1941 δει.
220 1898 433 1942 σκώπτων
461 1901 546 1958 γὰρ
568 1897 829 1960 ἼΙφαιστον
860 1902 1007 1955 ὁΖεὺς
1039 1918 1151 1959 ([ησι
1184 1901 1427 1958 Κατᾰχωλε
1458 1904 1584 1947 θ’ἆσ-

68 2032 71 2033 ⁷
109 1984 190 2012 σον
219 1967 248 2023 ἢ
276 1974 578 2028 κεραυνοπλήξ
608 1975 696 2035 ἔσῃ.
758 1981 956 2022 Fortasse
987 1981 1171 2032 praestat
1200 1973 1393 2019 θᾶττον.

727 2117 743 2127 ²
798 2103 852 2143 11.

298 2178 474 2226 ’Ἔοικεν
502 2181 773 2240 αι’γίθιιλλος
803 2180 1064 2227 διακωλύειν
1091 2182 1142 2227 τὸ
1174 2183 1371 2241 πρᾶγμα.

221 2296 525 2341 Grammaticus
552 2301 733 2342 Bekkeri
764 2302 921 2343 Anecd.
952 2314 993 2354 p.
1024 2301 1122 2342 36⁰.
1162 2293 1473 2351 Αἰγίθαλλοςε
1511 2293 1586 2354 ὅρ-

109 2374 208 2404 νεον
235 2365 474 2408 κωλυτικόν
501 2366 707 2422 πράξεως.
748 2368 956 2417 Ἀλκαῖος
989 2364 1242 2421 Γανυμήδει
1262 2364 1439 2408 ’Ἔοικεν
1469 2363 1585 2422 αἰγί-

109 2434 284 2485 oum-og
313 2437 404 2480 κτλ.
474 2440 683 2481 Versuum
720 2441 915 2493 reliquias
945 2442 1002 2481 ita
1033 2440 1226 2493 digerere
1254 2440 1353 2481 licet
1382 2444 1428 2482 ut
1457 2445 1584 2482 tetra,

110 2512 338 2550 metrorum
369 2515 594 2565 appareant
625 2511 819 2565 vestigia:

889 2576 1026 2620 ἔοικεν
1056 2573 1324 2632 αἰγίθαλλος

335 2647 591 2692 διακωλύειν
618 2647 668 2692 τὸ
698 2649 894 2707 πρᾶγμα.

113 2717 203 2761 Nisi
231 2720 367 2763 locum
398 2724 450 2764 ad
480 2723 678 2766 dimetros
704 2724 966 2765 catalecticos
996 2734 1194 2763 revocare
1223 2725 1419 2775 praestat.
1475 2720 1585 2762 Δια-

114 2784 290 2834 κωλύειν
319 2794 548 2849 penultima
577 2795 691 2839 brevi
721 2795 836 2846 dixit,
866 2798 912 2837 ut
925 2792 1224 2849 Aristophanes
1247 2793 1355 2848 Equ.
1372 2793 1470 2836 720.
1488 2793 1585 2835 968.
