1716 3164
773 142 816 185 Ω
830 144 945 186 PAJ.
1487 143 1597 183 1173

822 249 895 300 ni.

318 341 407 383 Τὸν
442 337 613 397 Φρύγα,
646 339 722 382 τὸν
753 339 994 397 αὐλητῆρα,
1028 339 1104 382 τὸν
1132 336 1371 399 Σαβάζιον.

226 457 454 497 Scholiasta
477 458 623 497 Avium
656 457 814 497 asu:
851 453 1056 510 Φρυγίλῳ
1086 450 1320 509 Σαβαζίῳ,
1349 452 1443 492 ἐπεὶ
1466 452 1590 508 Φρυ-

112 524 201 577 γῶν
240 523 263 565 ὁ
307 523 429 574 ι’)-εός,
494 526 569 566 καὶ
606 525 652 565 ἐν
678 519 848 580 ‘'5295aeoe
893 524 983 565 Τόν
1025 522 1180 578 Φρύγα
1219 522 1308 566 κτλ.
1390 526 1591 578 Respexit

111 597 221 637 hunc
250 598 385 637 locum
417 598 562 637 Cicero
594 598 645 637 de
677 599 858 650 Legibus
892 598 930 638 ll
963 598 1039 637 15:
1071 596 1241 644 „Novos
1280 608 1378 635 vero
1410 596 1510 636 deos
1549 601 1590 636 et

113 670 154 708 in
195 669 260 708 his
298 669 481 708 colendis
520 673 741 726 nocturnas
790 669 1127 721 pervigilationes
1176 667 1235 706 sic
1279 667 1589 718 Aristophanes,

117 739 395 779 facetissimus
435 744 557 790 poeta
598 742 750 780 veteris
788 740 1050 787 comoediae,
1100 742 1218 777 vexat
1257 742 1301 776 ut
1343 738 1452 789 apud
1495 750 1590 777 eum

118 810 316 850 Sabazius
355 814 396 850 et
433 808 596 860 qnidam
629 811 696 850 alii
736 810 792 851 dii
823 811 1034 864 peregrini
1066 808 1233 850 iudicati
1264 821 1288 848 e
1319 808 1486 848 civitate
1516 807 1589 848 eii-

115 880 313 922 ciantur.''

807 967 878 1009 lV.

493 1047 751 1106 Διὲφθορας
783 1048 860 1091 τὸν
889 1042 1020 1104 ὅρκον
1049 1045 1187 1103 ἡμῶν.

221 1163 463 1203 Ammonius
492 1177 532 1216 p.
562 1163 640 1203 41:
679 1162 931 1221 Διέφθορε·
971 1186 1023 1195 --
1058 1157 1395 1217 Ἀριστοφάνης
1423 1154 1591 1214 ’Ὥραις

112 1230 370 1288 Δί’έᾳθθρας
409 1230 499 1273 κτλ·
554 1226 723 1289 ιΏραις·
762 1236 949 1277 Coddaei
979 1236 1184 1276 correctio
1217 1237 1293 1274 est.
1354 1234 1591 1285 Legebatnr

111 1297 295 1357 Κάραις.
356 1305 518 1346 Nomen
547 1304 713 1348 fabulae
743 1308 881 1349 omisit
912 1307 1187 1356 Eustathius,
1230 1305 1299 1358 qui
1330 1305 1435 1344 haec
1466 1303 1591 1348 verba

111 1374 248 1415 attulit
271 1388 311 1428 p.
342 1375 421 1415 191
455 1377 525 1416 28.

812 1466 862 1508 V.

221 1545 455 1587 Scholiasta
485 1548 659 1603 Vespar.
690 1562 728 1589 v.
761 1549 894 1590 1182:
921 1543 1261 1604 Ἀνδροκλέα
1293 1542 1340 1584 δὲ
1370 1541 1591 1598 Κρατῖνος

110 1610 319 1680 Σερίφοις
355 1616 469 1670 φησὶ
508 1615 670 1661 δοῦλον
706 1619 782 1659 καὶ
824 1615 1020 1674 πτωχόν,
1059 1616 1105 1658 ἐν
1147 1609 1382 1670 δὲ“Ὠραις
1409 1609 1588 1668 ἡταιρη-

111 1678 220 1724 κότα
257 1681 345 1740 ἆρα
382 1684 463 1726 τὸν
499 1683 651 1731 αὐτόν.
727 1690 935 1731 Referunt
984 1690 1109 1743 vulgo
1150 1690 1202 1729 ad
1244 1686 1401 1729 Cratini
1439 1686 1590 1733 Horas,

113 1756 187 1796 sed
222 1758 360 1809 potius
401 1760 663 1802 scribendum
700 1755 1035 1816 Ἀριστοφάνης
1076 1774 1152 1814 pro
1191 1762 1470 1812 inopportuno
1517 1755 1590 1795 illo

114 1814 215 1880 ἆρα.
248 1827 341 1870 vid,
358 1829 491 1883 Epist.
521 1832 574 1872 ad
603 1833 852 1873 Schinerum
883 1846 924 1885 p.
950 1832 1046 1872 119.
1079 1831 1275 1872 Meineke
1307 1829 1347 1870 11
1380 1829 1401 1868 1
1435 1826 1588 1882 p.171.

739 1956 809 1997 Vl.
873 1956 965 1999 Vll.

221 2036 521 2078 Grammaticus
550 2039 728 2080 Bekkeri
759 2055 799 2094 p.
832 2041 916 2081 425
946 2041 996 2080 3:
1033 2032 1334 2093 Ἀπιχθύς·
1373 2031 1474 2083 τοὺς
1512 2030 1589 2074 οὐκ

114 2103 406 2160 ἐσθίομένους
434 2101 603 2161 ι’χθῖς.”
635 2104 972 2165 Ἀριστοᾳάνης
993 2103 1174 2164 (Ὥραις.
1224 2104 1461 2161 ”Απιχθυς
1491 2106 1588 2147 Pol-

114 2178 183 2217 lux
213 2179 335 2218 etiam
366 2179 488 2219 affert
519 2194 568 2221 ex
595 2183 873 2234 Aristophane
902 2183 959 2223 Vl
991 2183 1068 2221 41:
1102 2175 1188 2227 Ὠς
1228 2174 1426 2231 ἄπιχθυς
1468 2171 1590 2229 παρὰ

114 2242 434 2301 Ἀριστοφάνει
463 2245 487 2288 ὁ
519 2243 691 2302 ἰχθύων
721 2246 942 2303 ἄγευστος.
1001 2264 1082 2293 non
1114 2255 1250 2289 tamen
1282 2253 1455 2301 possunt
1483 2247 1589 2287 haec

115 2317 223 2357 inter
253 2330 297 2357 se
325 2319 560 2369 conciliari,
598 2320 677 2360 nisi
715 2326 869 2362 statuas
899 2321 1211 2374 grammaticum
1242 2318 1358 2358 illum
1390 2318 1455 2358 vel
1492 2330 1588 2358 sen-

115 2389 284 2428 tentiam
328 2389 410 2428 loci
452 2391 738 2443 Aristophanis
787 2405 868 2432 non
914 2390 1203 2444 perspexisse,
1255 2390 1320 2428 vel
1373 2389 1588 2441 scripsisse

115 2454 215 2505 τοὺς
241 2454 304 2510 μὴ
334 2455 574 2508 ἐσθίοντας
605 2454 759 2514 ἰχθῦς,
799 2464 865 2502 vel
896 2463 1096 2513 denique,
1134 2460 1244 2512 quod
1282 2459 1384 2499 mihi
1421 2459 1587 2499 omnino

115 2530 327 2584 probabile
344 2530 518 2580 videtur,
548 2539 712 2584 poetam
743 2539 964 2586 utrumque
995 2532 1269 2583 usurpavisse,
1299 2530 1424 2581 idque
1453 2530 1590 2571 firmat

117 2601 355 2641 Eustathius
386 2614 424 2653 p.
458 2601 567 2640 1720
606 2603 683 2642 23:
731 2597 877 2643 ἰστέον
926 2601 972 2641 δὲ
1011 2596 1076 2642 ὅτι
1123 2596 1147 2640 ὁ
1182 2598 1405 2648 παντελῶς
1443 2595 1587 2653 ὀλίγος

121 2665 251 2720 ἰχθὺς
289 2665 537 2723 ἄπιχθυς
584 2669 749 2724 ἐλέγετο
789 2669 912 2727 παρὰ
942 2671 1037 2719 -τοΐς
1075 2670 1281 2720 παλαιοῖς
1316 2670 1392 2713 καὶ
1428 2667 1586 2721 ἐδήλου

121 2734 217 2778 τὸν
257 2736 324 2792 μὴ
364 2737 726 2795 ἐσθιόμενον.
787 2742 862 2787 καὶ
901 2741 1110 2799 φέρουσιν
1147 2740 1300 2783 ἐκεῖνοι
1334 2739 1493 2797 χρῆσιν
1528 2735 1586 2789 εἰς
