1716 3164
215 144 325 186 11⁰4
731 141 1088 188 ARISTOPHAN
1092 147 1140 189 IS

326 253 470 293 Pollux
499 250 536 291 X
566 251 643 292 33·
676 250 888 294 Kal-ettae
916 253 962 294 δὲ
990 252 1041 295 τὸ
1069 255 1277 299 κλινίδιον
1304 261 1376 300 καὶ
1406 257 1662 316 κλιντήρων,

212 320 270 371 ὡς
299 320 345 362 ἐν
373 314 624 374 Διοναυάμρ
663 316 989 378 Ἀριστοφάνης
1018 322 1122 379 ἔφη·
1160 324 1214 365 Τι’
1241 342 1293 380 με
1319 319 1353 367 ὦ
1383 332 1539 384 πονηρὲ
1570 330 1660 381 ἐξο-

213 391 338 446 ρίζεις
365 385 508 443 ὥσπερ
537 385 798 446 κλιντήρων.
857 395 965 446 quod
996 397 1174 446 correxi,
1207 398 1283 438 nisi
1312 398 1420 439 forte
1448 407 1661 453 praeterea

213 464 430 516 legendum
459 457 689 516 ἐκκορίζεις.

608 728 650 767 Ν
657 727 693 768 E
696 725 826 768 ΦΕΛ
830 725 898 765 ΑΙ
935 725 1063 767 ΠΡΟ
1072 727 1150 769 ΤΕ
1150 727 1269 771 ΡΛΙ.

323 871 464 911 Nubes
500 871 658 923 priores
699 872 844 923 quibus
880 871 921 910 in
968 872 1091 910 rebus
1129 885 1151 910 a
1182 872 1473 923 posterioribus
1511 873 1662 913 discre-

208 944 308 994 pent
344 941 560 992 explanare
597 942 763 993 longum
801 945 887 989 est,
935 940 1072 991 itaque
1111 939 1216 979 hanc
1262 941 1575 992 disputationem
1617 942 1660 982 in

208 1010 319 1050 uliud
364 1015 525 1061 tempus
571 1011 720 1050 reieci:
764 1010 866 1049 illud
909 1013 1064 1048 tantum
1107 1009 1211 1048 addo
1253 1010 1386 1048 locum
1426 1010 1657 1062 vesparum

206 1093 245 1120 v.
277 1079 399 1127 1⁰37,
430 1092 549 1130 quem
580 1080 700 1131 vulgo
729 1080 810 1118 huc
839 1078 1044 1126 referunt,
1074 1090 1153 1117 non
1184 1079 1234 1117 ad
1262 1078 1367 1118 hanc
1397 1079 1651 1118 comoediam

207 1148 438 1200 pertinere,
469 1149 542 1186 sed
573 1148 622 1186 ad
653 1148 875 1196 Holcades,
905 1147 955 1185 de
986 1159 1063 1196 qua
1091 1159 1137 1185 re
1168 1146 1315 1185 dicitur
1343 1146 1462 1185 infra.
1521 1148 1659 1187 Plato-

207 1217 268 1256 nis
299 1221 432 1255 autem
464 1217 717 1268 aliorumque
746 1221 956 1255 auctorum
985 1215 1119 1264 locos,
1151 1216 1218 1267 qui
1249 1206 1404 1267 prio‘res
1435 1217 1658 1268 respiciunt

206 1287 360 1334 Nubes,
390 1286 625 1325 examinabo
658 1286 933 1325 commodiore
962 1285 1068 1323 loco.
1107 1284 1277 1336 Scripsit
1306 1285 1356 1323 de
1386 1284 1462 1324 hac
1491 1298 1654 1326 comoe-

206 1355 271 1395 dia
300 1355 332 1395 F
335 1354 549 1396 ritzschius
579 1355 619 1395 in
650 1356 815 1406 Quaest.
845 1353 1053 1405 Aristoph.
1085 1353 1102 1392 1
1128 1366 1169 1405 p.
1201 1353 1278 1392 111
1311 1366 1400 1405 sqq.
1436 1404 1438 1407 v

911 1474 942 1513 l.

256 1550 332 1602 Ἐς
360 1551 440 1604 τὴν
469 1549 684 1607 Πάρνηθ’
717 1550 996 1610 ὀργιοθεῖσαι
1026 1552 1215 1607 φροῦδαι
1250 1550 1361 1593 κατὰ
1400 1550 1477 1592 τὸν
1505 1548 1651 1593 Λυκά-

972 1638 1151 1689 βηττον.

313 1737 485 1777 Photius
515 1751 556 1790 p.
585 1738 669 1777 398
698 1738 774 1777 11:
814 1731 1016 1790 Πάρνης·
1056 1734 1105 1776 τὸ
1135 1732 1246 1791 ὅρος.
1303 1731 1527 1784 θηλυκῶς·
1552 1730 1630 1781 Ἐς

201 1802 281 1855 τὴν
310 1801 525 1859 ΙΙάρνηθ’
564 1831 620 1839 —
657 1802 983 1861 Ἀριστοφάνης
1009 1804 1227 1860 Νεφέλαις
1266 1804 1340 1845 καὶ
1370 1801 1477 1854 ἑξῆς.
1528 1804 1647 1856 Quod

200 1877 243 1916 in
280 1876 421 1915 codice
460 1880 522 1915 est
559 1873 678 1914 ἐστὶν
713 1881 826 1915 recte
865 1876 1094 1916 emendavit
1123 1877 1301 1916 Naekius
1329 1875 1379 1914 ad
1411 1874 1648 1914 Choerilum

200 1957 242 1996 p.
272 1945 340 1984 58.
406 1945 606 1984 Dicuntur
649 1945 752 1985 haec
789 1945 841 1984 de
886 1945 1013 1984 choro
1054 1946 1258 1994 Nubium,
1308 1957 1412 1996 quae
1446 1943 1588 1995 procul
1625 1955 1649 1982 e

202 2016 423 2065 conspectu
451 2014 673 2063 recedunt,
710 2014 787 2054 cfr.
818 2013 1070 2053 Fritzschius
1099 2028 1140 2066 p.
1172 2015 1252 2053 159
1282 2026 1369 2065 sqq.
1429 2012 1548 2063 Quod
1575 2023 1647 2051 au-

202 2084 285 2121 tem
318 2081 490 2120 Photius
519 2083 630 2121 addit
667 2081 742 2120 καὶ
780 2079 894 2131 ἑξῆς,
930 2082 1110 2122 indicare
1139 2083 1301 2123 videtur
1330 2081 1451 2121 etiam
1480 2081 1522 2120 iu
1551 2081 1647 2120 sub-

197 2151 462 2202 sequentibus
494 2151 710 2191 Parnethis
740 2152 987 2191 mentionem
1016 2150 1166 2191 factam
1197 2163 1312 2199 esse,
1350 2154 1532 2188 ceterum
1568 2148 1644 2188 cfr.

195 2220 336 2260 Nubes
359 2220 397 2259 11
428 2219 587 2260 v.322:
620 2218 762 2259 Βλέπε
791 2231 871 2259 νυν
900 2216 1019 2271 δευρὶ
1047 2216 1153 2274 πρὸς
1181 2215 1260 2267 τὴν
1288 2211 1530 2270 Πάρνηθ’·
1559 2211 1644 2264 ἤδη

194 2284 277 2341 γὰρ
305 2283 391 2342 ὁρῶ
418 2285 651 2336 κατιούσας
676 2284 855 2341 Ἠσυχῆ
884 2284 1034 2335 αὐτάς.

899 2410 951 2449 Π.

461 2490 729 2546 Κείσεσθυν,
758 2487 903 2550 ὥσπερ
931 2492 1084 2546 πηνίω,
1112 2490 1360 2546 κινουμένω.

302 2605 474 2646 Photius
504 2619 545 2658 p.
559 2606 642 2646 428
671 2606 725 2645 27
754 2609 796 2645 et
825 2605 973 2647 Suidas
1003 2620 1036 2648 s.
1066 2620 1104 2647 v.
1132 2599 1311 2654 πηνίον·
1341 2596 1446 2654 ζῷον
1482 2592 1638 2654 ὅμοιον

190 2667 380 2713 κώνωπι·
413 2669 742 2729 Ἀριστοφάνης
770 2672 1009 2729 Νεφέλαις·
1048 2671 1301 2716 Κείσεσθον
1337 2662 1482 2734 ὥσπερ
1519 2692 1567 2718 π.
1595 2686 1634 2714 κ.
