1716 3164
217 157 327 198 1162
732 157 1141 204 ARISTOPHANJS

883 269 976 309 X11.

325 349 614 403 Harpocratio:
652 347 696 388 Σ
701 344 850 389 ιπύα·
891 377 945 384 --
982 349 1160 406 σιτηρόν
1188 350 1357 406 ἀγγεῖόν
1385 355 1501 397 ἐστιν
1530 355 1557 408 ἡ
1587 373 1652 399 σι·

212 414 311 459 πύα,
375 415 466 458 ἔστι
505 417 550 457 δὲ
579 414 782 467 πολλάκις
809 417 927 473 παρὰ
958 422 1045 468 τοῖς
1074 419 1267 475 ἀρχαίοις
1294 427 1503 476 κωμικοῖς.
1566 425 1650 468 Εὔ-

212 487 334 536 πολις
368 485 526 543 Χρυσῷ
553 487 675 538 γένει,
700 484 1027 543 Ἀριστοφάνης
1062 491 1356 545 Τελμισεῦσιν.

878 611 992 653 ΧΙΙΙ.

318 694 497 747 Etymol.
530 694 588 734 M.
618 707 658 746 p.
688 694 767 734 142
798 694 898 734 143:
943 691 1326 749 Ἀρίστυλλος·
1363 691 1502 749 ὄνομα
1537 695 1647 753 παρ’

201 757 517 816 Ἀριστοφάνει
556 763 674 811 (cod.
714 764 886 814 August.
927 765 1032 816 apud
1073 766 1275 806 Titmann.
1313 767 1363 806 ad
1400 769 1600 808 Zonaram
1631 770 1648 809 1

206 847 247 887 p.
277 833 445 874 CXXVI
485 827 591 886 παρ’
629 826 943 885 ’.Αριστοᾳάνει
981 831 1026 871 ἐν
1067 816 1339 887 Τελμησοῖς).
1398 834 1563 889 εἴρηται
1602 835 1647 877 δὲ
1704 824 1706 826 ¹

205 898 538 954 ὑποκοριστικῶς
573 895 596 939 ὁ
633 895 928 953 Ἀριστοκλῆς.
984 898 1040 950 ὠς
1079 900 1160 957 γάρ
1199 901 1318 958 παρὰ
1349 902 1395 944 τὸ
1420 899 1674 959 “Ι]ρακλῆς“

194 963 421 1024 ’Ἠρυλλος
447 969 520 1010 καὶ
550 966 669 1022 παρὰ
697 966 745 1008 τὸ
779 967 1030 1024 Θρασυκλῆς
1063 970 1309 1026 Θράσυλλος
1345 973 1420 1018 καὶ
1449 972 1567 1029 παρὰ
1596 972 1644 1015 τό

202 1038 446 1088 Βαθυκλῆς
475 1035 715 1086 Βάθυλλος
743 1033 882 1092 ὄνομα
911 1036 1071 1094 κύριον,
1101 1037 1124 1081 ὁ
1153 1037 1358 1095 ἐρώμενος
1383 1038 1646 1098 Ἀνακρέον-

202 1123 299 1159 τος,
333 1102 445 1149 οὕτω
479 1107 553 1148 καὶ
589 1104 709 1162 παρά
747 1106 795 1148 τὸ
827 1104 1113 1163 Ἀριστοκλῆς
1147 1106 1446 1163 Ἀρίστυλλος.
1510 1105 1646 1160 οὕτως

197 1174 467 1233 Ἡρωδιανὸς
493 1172 553 1224 εἷς
582 1174 661 1226 τὴν
684 1173 988 1218 Ἀπολλωνίου
1016 1173 1256 1230 εἰσαγωγὴν
1283 1174 1310 1228 ἢ
1340 1180 1435 1234 περὶ
1465 1178 1643 1223 παθῶν.

199 1248 401 1301 Διογένης
438 1244 734 1299 (διογενιανὸς
770 1248 860 1288 cod.
890 1250 1177 1301 Augustanus)
1208 1243 1307 1287 ἀντὶ
1336 1248 1413 1288 τοῦ
1440 1245 1639 1305 ἄριστος·

198 1318 272 1359 καὶ
297 1313 625 1371 Ἀριστοφάνης
660 1315 706 1356 ἐν
741 1315 978 1369 Τελμισοῖς.
1048 1319 1343 1371 Corrigendum
1371 1317 1644 1371 Διογενιανὸς

199 1383 298 1427 ἀντὶ
327 1385 406 1427 τοῦ
429 1381 716 1440 Ἀριστοκλῆς
744 1385 819 1426 τοῦ
845 1383 1122 1440 Ἀρίστωνος.
1166 1388 1355 1439 Tangere
1385 1389 1494 1428 enim
1524 1389 1637 1429 vide-

198 1463 269 1498 tur
304 1457 537 1504 Platonem,
574 1455 642 1506 qui
682 1460 800 1496 antea
830 1457 1049 1496 Aristocles
1087 1459 1319 1498 vocabatur.
1395 1458 1488 1499 Vid.
1519 1459 1637 1511 Diog-

198 1529 334 1567 Laert.
367 1526 423 1565 111
454 1526 501 1564 4:
539 1520 623 1576 ἀφ’
653 1515 705 1562 οὗ
731 1523 804 1563 καὶ
834 1520 1024 1563 Πλάτων
1054 1523 1126 1564 διὰ
1155 1523 1234 1574 τὴν
1260 1522 1424 1576 εὐεξίαν
1452 1539 1638 1578 μετωνο-

195 1591 371 1649 μάσθη.
401 1588 609 1646 πρότερον
636 1588 920 1646 Ἀριστοκλῆς
949 1589 1036 1632 ἀπὸ
1066 1592 1143 1633 τοῦ
1172 1592 1353 1634 πάππον
1380 1593 1639 1648 καλούμενος

197 1660 360 1716 ὄνομα,
401 1657 527 1700 καθά
566 1673 703 1713 (snam
734 1656 1026 1714 Ἀλέξανδρος
1061 1661 1106 1701 ἐν
1142 1661 1408 1715 Δααδοχαῖς,
1455 1665 1524 1704 ubi
1560 1665 1635 1705 cfr.

197 1735 407 1785 interpret.
440 1733 489 1772 V.
508 1732 759 1770 Meinekium
774 1733 880 1772 Hist.
899 1745 1002 1772 com.
1019 1747 1056 1784 p.
1074 1734 1155 1773 287
1172 1745 1231 1784 sq.
1248 1735 1315 1785 qui
1332 1734 1444 1773 addit
1464 1746 1570 1774 nunc
1586 1735 1636 1774 ad

194 1803 301 1844 hanc
324 1801 563 1840 sententiam
594 1802 909 1841 confirmandam
937 1802 1132 1854 Hesychii
1158 1803 1349 1854 glossam,
1380 1816 1484 1854 quae
1514 1805 1634 1856 vulgo

195 1873 254 1911 sic
269 1871 483 1910 scribitur:
509 1864 813 1922 Ἀρίστυλλος·
838 1865 990 1921 ὄνομα.
1016 1866 1304 1922 Ἀρίστωτος·
1336 1866 1515 1924 ἀρίστου
1529 1865 1634 1925 ὥρα.

194 1945 234 1980 at
264 1940 391 1978 codex
418 1934 721 1990 Ἀρίστυλλος·
765 1935 1020 1991 άρίστωτος·
1050 1935 1231 1994 ἀρίστου
1257 1932 1360 1993 ιῖίρα.
1402 1946 1531 1982 'recte
1559 1943 1635 1995 igi-

195 2013 261 2048 tur
288 2008 518 2047 Meinekius
548 2008 733 2060 corrigit:
760 2003 1149 2061 Ἀρίστυλλος·
1179 2005 1455 2063 Ἀρίστωνος.
1493 2003 1635 2064 Ἀρί-

194 2072 412 2126 στητύς·
449 2073 627 2127 ἀρίστου
653 2069 757 2128 ω’ρα.
818 2077 940 2116 Ridet
970 2082 1104 2116 autem
1135 2079 1312 2118 comicus
1339 2079 1421 2117 hoc
1450 2080 1634 2131 Aristylli

192 2145 356 2186 nomine
386 2145 598 2185 Platonem
630 2147 749 2185 etiam
779 2146 819 2185 in
839 2146 1162 2185 Ecclesiaz.674
1191 2149 1232 2185 et
1260 2147 1301 2185 in
1335 2142 1453 2186 Pluto
1483 2161 1519 2188 v.
1537 2148 1633 2197 314,

191 2216 244 2255 de
283 2215 426 2266 quibus
466 2215 648 2254 versibus
676 2216 770 2254 alibi
811 2215 952 2254 dicam.
1012 2215 1098 2254 Cfr.
1130 2216 1380 2254 Meinekium
1409 2216 1438 2256 l.
1467 2216 1495 2255 l.
1553 2218 1631 2256 Ce-

191 2291 323 2325 terum
353 2281 633 2339 Ἀρίστυλλος
664 2297 808 2323 nomen
838 2284 1046 2335 proprium
1077 2296 1238 2335 quoque
1267 2283 1344 2323 fuit
1373 2297 1544 2337 nequam
1571 2285 1631 2327 in-

189 2355 403 2403 usitatum,
444 2356 676 2407 vidaecorp.
706 2354 831 2393 lusor.
864 2354 880 2392 l
911 2366 950 2392 n.
985 2354 1062 2393 169
1093 2354 1170 2393 col.
1202 2354 1219 2393 l
1251 2354 1317 2393 38.

862 2463 972 2504 XIV.

298 2548 523 2588 Scholiasta
556 2547 734 2587 Platonis
763 2547 898 2586 Clark.
931 2560 972 2598 p.
1002 2546 1105 2585 331:
1142 2541 1357 2600 Ἀριστοᾳ
1365 2541 1468 2594 άνης
1508 2543 1534 2583 ὃ
1545 2541 1556 2554 '
1588 2543 1633 2584 ἐν

195 2613 504 2667 Τελμισσεῦσιν
519 2610 576 2664 εἰς
593 2610 870 2670 συκοφάντην
885 2608 1155 2655 ἀποσκώπτει
1169 2612 1245 2654 τὸν
1259 2614 1302 2654 X
1313 2629 1341 2654 οι
1351 2628 1365 2655 ι
1372 2627 1424 2668 ρε
1434 2627 1467 2668 φ
1477 2611 1513 2654 ὦ
1521 2624 1577 2654 ντ
1589 2629 1632 2654 α.
