1716 3164
186 178 267 218 64⁰
764 176 1040 219 PLATONIS

187 283 444 343 ἀλλότρια
475 283 535 326 ἔπ
547 299 573 335 η
604 297 705 339 σφε
718 297 805 340 τερ
817 282 1084 340 ιζόμενον.
1121 289 1318 333 Insulsam
1349 296 1391 333 et
1418 293 1634 345 insipidam

186 363 261 402 viri
302 360 442 412 poesin
482 357 728 397 facetissime
771 358 860 398 risit
903 358 1197 411 Aristophanes
1233 363 1341 414 apud
1378 364 1637 404 scholiastam

188 433 314 482 Vesp.
345 428 475 467 1303:

324 495 383 539 A.
412 495 486 535 καὶ
514 492 604 542 πῶς
632 491 708 545 ἐγώ
740 493 967 536 Σθενέλου
995 492 1178 551 φάγοιμ’
1206 492 1261 537 ἂν
1289 495 1486 553 ρἡάτοι;

325 565 382 607 B.
413 560 471 612 εἰς
499 561 597 615 ὄξος
627 562 956 618 ἐμβαπτόμενος
984 561 1013 615 ἢ
1042 565 1223 616 λεπτοὺς
1254 562 1376 616 ἅλας.

189 642 279 692 Quo
309 639 442 677 minus
471 637 618 676 mirum
650 639 736 684 est,
766 636 800 676 si
830 637 990 688 quando
1019 638 1163 678 altiora
1192 652 1338 679 sonare
1367 640 1514 690 vellet,
1544 652 1640 680 eum

188 710 548 763 grandiloquorum
585 711 798 758 poetarum
830 708 974 759 opibus
1006 719 1122 748 usum
1155 721 1260 749 esse.
1327 707 1501 762 Πέτρας
1537 722 1643 761 μοχ-

191 775 328 818 λεύειν
365 791 447 818 non
486 777 626 827 inepte
662 775 741 815 dici
780 780 917 828 potest
952 778 1021 828 qui
1059 778 1279 830 grandibus
1309 782 1349 818 et
1378 779 1492 830 quasi
1521 791 1645 830 prae-

189 850 321 902 ruptis
363 847 498 887 verbis
525 846 679 909 ,mmm
751 846 842 886 Non
882 846 1079 887 dissimile
1118 852 1180 887 est
1217 848 1318 888 illud
1356 849 1643 901 Aristophanis

189 920 296 960 Nub.
336 917 468 957 1399:
507 910 539 952 ιᾶ
584 911 746 953 καινῶν
787 912 902 954 ἐπῶν
940 912 1094 964 κινητὰ
1135 916 1210 955 καὶ
1251 913 1476 970 μοχλευτὰ.
1538 919 1641 958 Pro-

189 990 279 1043 prio
310 999 433 1028 sensu
466 985 645 1038 πέτρους
667 981 889 1038 μοχλεύειν
917 985 1016 1025 dixit
1045 987 1263 1039 Euripides
1292 988 1517 1040 Cycl.239.
1574 986 1639 1027 Ad

188 1060 313 1100 verba
342 1052 479 1111 τούτῳ
509 1053 706 1109 παριστῶ
734 1060 779 1096 ut
807 1057 1001 1104 redeam,
1038 1055 1213 1096 fortasse
1251 1070 1303 1097 ne
1345 1062 1440 1098 sunt
1479 1056 1644 1109 quidem

187 1129 257 1169 illa
286 1141 360 1181 pro
392 1128 593 1179 corruptis
623 1127 830 1175 habenda,
860 1126 894 1165 si
925 1125 1059 1165 locum
1088 1126 1145 1165 ita
1173 1127 1375 1183 refingas:

358 1195 414 1238 A.
447 1189 556 1235 ὅταν
586 1194 630 1235 δὲ
660 1194 826 1248 δέωμαι
855 1191 1062 1245 γωνιαῖον
1090 1192 1303 1249 ῥήματος-ς

354 1264 409 1306 B.
443 1262 578 1320 τούτῳ
609 1263 806 1319 παρίστω
834 1263 910 1303 καὶ
937 1259 1114 1317 μόχλιυε
1156 1261 1232 1312 τὰς
1263 1263 1431 1318 πέτρας.

195 1337 307 1388 Quid
342 1350 460 1385 vero,
498 1339 538 1375 si
576 1336 849 1390 angularibus
887 1335 1020 1375 verbis
1057 1336 1161 1375 mihi
1201 1349 1299 1388 opus
1338 1335 1430 1374 est?
1487 1333 1644 1385 Quibus

189 1409 294 1447 alter
331 1407 574 1458 respondet,
623 1407 681 1446 ad
717 1406 838 1446 huius
876 1410 919 1445 te
956 1407 1200 1445 societatem
1235 1405 1401 1458 applica
1441 1415 1643 1456 rupesque

189 1491 318 1517 move.
396 1477 645 1528 Aeschylum
692 1477 733 1515 in
773 1470 1190 1527 scena'praesentem
1231 1474 1414 1513 adfuisse
1453 1473 1487 1511 si
1532 1475 1646 1511 recte

191 1546 370 1594 conieci,
411 1558 491 1584 non
532 1547 637 1584 male
667 1558 756 1584 eam
785 1546 826 1583 in
858 1557 947 1583 rem
977 1545 1164 1595 sequenti
1194 1543 1426 1595 fragmento
1456 1542 1516 1582 uti
1545 1541 1644 1581 lice-

196 1617 270 1666 bit,
302 1617 344 1656 in
377 1627 456 1667 quo
491 1615 696 1654 inducitur
726 1614 870 1665 aliquis
900 1614 948 1652 ab
979 1613 1122 1653 inferis
1153 1627 1354 1654 reversuS.

886 1719 945 1758 ΙΙΙ

249 1803 343 1844 Καὶ
371 1799 459 1856 μὴν
485 1795 651 1855 ὄμοσάν
680 1814 757 1853 μοι
785 1798 846 1863 μὴ
876 1797 1093 1840 ree-veina
1122 1798 1172 1840 τὸ
1202 1795 1330 1853 σῶμ’.
1388 1798 1444 1840 Β,
1476 1794 1573 1850 ἐγώ.

247 1889 305 1928 Λ.
341 1883 486 1940 ψυχὴν
516 1881 567 1924 <5³
595 1879 823 1933 ἐπανήκειν
851 1877 996 1938 ὥσπερ
1025 1879 1238 1924 Αἰσώπου
1266 1882 1384 1922 ποτέ.

304 1973 531 2014 Scholiasta
561 1970 610 2010 ad
641 1971 923 2023 Aristophanis
953 1969 1148 2010 Av.471:
1178 1962 1202 2006 ὁ
1232 1963 1490 2020 ὃὲ·κωμικὸς
1520 1958 1647 2003 Πλά-

192 2054 279 2083 των
306 2041 381 2081 zai„
410 2036 658 2092 άνάβιῶσαι
687 2035 824 2078 αὐτόν
853 2041 1100 2092 (Aesopum)
1132 2049 1268 2092 φησιν
1296 2035 1342 2076 ἐν
1371 2036 1459 2083 τοῖς
1487 2030 1642 2075 Λάκω-

194 2125 265 2154 σιν
303 2105 437 2158 οὕτως
487 2110 580 2149 Καὶ
616 2106 705 2162 μὴν
750 2105 916 2162 ὅμοσόν
943 2121 1019 2162 μοι
1048 2106 1106 2162 μὴ
1145 2102 1379 2157 τεθνάναι,
1418 2101 1565 2158 ψυχὴν
1594 2098 1643 2142 δ’

195 2173 253 2222 αὖ
290 2175 408 2231 ἥκων
444 2173 589 2233 ὥσπέρ
625 2173 841 2218 Αἰσώπου
881 2178 996 2219 ποτέ.
1070 2180 1182 2218 idem
1221 2179 1271 2218 ad
1310 2179 1465 2229 Vespas
1507 2174 1644 2215 1251:

195 2251 309 2307 ᾳασὶ
340 2249 386 2291 δέ
413 2263 524 2297 τινες
553 2248 630 2288 τὸν
660 2247 873 2288 Αἴσωπον
902 2246 1156 2300 ἀναβιῶναι.
1189 2247 1262 2288 καὶ
1293 2242 1482 2284 Πλάτων
1509 2240 1534 2283 ὁ
1562 2257 1645 2283 κω-
1691 2284 1695 2286 ,

195 2318 318 2376 μικός
375 2319 470 2360 Καὶ
502 2317 579 2358 νῦν
609 2315 774 2371 ὄμοσον
802 2332 878 2372 μοι
924 2316 984 2370 μὴ
1017 2313 1232 2358 τεθνάναι
1272 2313 1321 2356 τὸ
1361 2312 1499 2368 σῶμα.
1557 2308 1635 2365 ἐγώ

195 2390 313 2445 ψυχὴ
345 2386 393 2429 δ’
426 2386 514 2429 άπὸ
544 2386 662 2438 νίκης
690 2381 834 2441 ὥσπερ
865 2383 1076 2428 Αἰσώπου
1107 2387 1219 2428 ποτέ.
1283 2386 1518 2436 Suidaslp.
1543 2384 1647 2422 158:

198 2457 283 2510 ἤδη
315 2459 359 2499 δέ
390 2460 501 2507 τινές
519 2471 658 2513 φασιν
687 2452 745 2505 εἷς
775 2457 985 2497 τοσοῦτον
1015 2454 1099 2511 ἄρα
1132 2454 1419 2496 τὸνΑἵσωπον
1447 2448 1645 2504 θεοφιλῆ

197 2529 408 2584 γενέσθαι
435 2526 492 2577 ὠς
519 2528 592 2568 καὶ
622 2525 865 2579 ἀναβιῶναι
894 2522 1040 2566 αὐτόν.
1080 2552 1135 2558 --
1171 2524 1245 2565 καὶ
1279 2519 1470 2563 Πλάτων
1501 2519 1638 2573 φησὶν

199 2599 222 2640 ὀ
261 2595 444 2652 κωμικός
503 2600 595 2638 Καὶ
636 2597 714 2637 νῦν
759 2592 923 2650 ὄμοσον
963 2609 1040 2648 μοι
1075 2593 1134 2648 μὴ
1174 2590 1390 2635 τεθνάνα-ι
1428 2587 1478 2630 τὸ
1516 2588 1646 2643 σῶμα

199 2668 292 2723 ἐγώ.
323 2666 442 2722 ψυχὴ
473 2663 520 2706 δ’
553 2664 641 2707 άπὸ
671 2665 791 2716 νίκης
818 2659 962 2719 ὥσπερ
991 2660 1203 2705 Αἰσώπου
1233 2662 1348 2704 ποτέ.
1406 2662 1644 2711 Eademque
1708 2652 1716 2713 ᾗ

201 2741 347 2782 eodem
386 2739 506 2780 modo
537 2739 690 2790 scripta
720 2740 869 2778 iterum
900 2740 1161 2789 apponuntur
1190 2736 1209 2776 1
1237 2748 1277 2788 p.
1308 2733 1403 2772 661.
1469 2730 1647 2771 Exhibui
1668 2718 1714 2792 ei}
