1716 3158
604 174 692 218 ΓΗ
700 173 1010 218 ΡΥΤΑΔΗΣ.
1434 172 1547 218 1005

65 298 135 352 qui
163 289 370 351 principes
407 293 506 334 artis
545 293 631 334 illic
662 293 824 333 adirent
864 292 914 332 ab
959 292 1093 344 iisque
1123 303 1245 344 opem
1278 293 1321 332 et
1350 291 1546 333 auxilium

65 370 349 423 impetrarent,
379 377 576 418 quorsum
608 367 767 418 spectat
798 364 868 403 Fr.
901 362 932 402 1.
966 363 1018 403 ll.
1049 363 1143 403 alia.
1203 363 1548 417 Repraesentavit

63 441 190 494 igitur
220 439 262 478 in
294 438 372 477 hac
402 435 616 476 comoedia
647 434 822 474 eandem
862 432 953 472 fere
983 433 1204 486 imaginem
1236 438 1360 486 atque
1389 434 1432 475 in
1463 433 1548 475 Ra-

64 512 155 560 nis,
195 510 266 550 ubi
310 508 501 549 Bacchus
535 505 748 558 Euripidis
792 504 1000 544 desiderio
1039 509 1269 545 commotus
1309 506 1361 546 ad
1394 507 1549 548 Orcum

63 581 296 622 descendit.
341 581 479 630 Atque
509 577 590 617 hoc
621 576 787 628 quidem
821 579 980 615 certum
1012 579 1076 614 est
1104 575 1212 616 hanc
1251 575 1434 616 fabulam
1466 591 1548 619 non

64 653 252 706 potuisse
283 650 423 690 doceri
453 651 550 688 ante
572 645 783 698 Euripidis
816 649 858 685 et
882 644 1102 698 Sophoclis
1133 651 1323 697 mortem,
1355 649 1548 700 quoniam

65 724 188 764 etiam
231 727 330 762 tunc
370 731 490 760 suum
523 718 652 757 decus
682 716 888 755 retinebat
917 716 1078 768 poesis:
1120 717 1260 769 itaque
1298 731 1380 759 non
1412 724 1550 772 potest

64 800 157 835 acta
185 805 278 833 esse
311 795 407 831 ante
439 789 603 842 Olymp.
637 788 773 827 XClll
805 787 846 828 3.
905 791 946 826 at
991 787 1184 839 quoniam
1225 801 1275 829 eo
1314 790 1404 842 ipso
1443 795 1550 831 tem-

65 878 168 918 pore
199 864 335 904 Ranae
365 861 528 908 docuit,
568 871 675 911 quae
714 857 858 898 fabula
889 858 1000 898 idem
1031 858 1123 898 fere
1155 860 1375 901 consilium
1406 875 1550 914 persc-

67 939 161 976 cuta
185 939 247 974 est
271 931 529 982 eandemque
546 929 679 969 induit
698 929 895 981 speciem,
926 929 1084 980 aliquot
1105 936 1343 983 annospost
1372 933 1551 985 scriptus

66 1007 119 1046 sit
149 1003 381 1056 Gerytades
401 1031 411 1051 ‚
444 1013 615 1041 necesse
647 1004 722 1039 est.
784 999 928 1051 ltaque
958 1000 1066 1040 lianc
1097 996 1354 1041 comoediam
1383 1003 1435 1042 ad
1466 1008 1551 1044 ter-

66 1076 164 1116 tiam
187 1074 362 1114 classem
384 1071 541 1120 rettuli,
573 1071 624 1110 de
648 1083 728 1122 qua
758 1083 805 1110 re
833 1071 986 1111 dictum
1019 1074 1082 1111 est
1101 1083 1245 1124 supra,
1278 1075 1550 1116 conveniunt-

68 1158 149 1199 que
178 1144 276 1185 huie
306 1143 431 1184 aetati
461 1142 586 1183 eliam
617 1141 822 1192 homines,
853 1141 922 1194 qui
946 1142 1098 1194 possim
1122 1143 1472 1198 perstringuntur.

740 1267 772 1307 Ι.
833 1264 886 1306 Π.

150 1357 210 1400 Α.
245 1354 338 1397 Καὶ
367 1351 434 1405 τίς
464 1354 624 1412 νεκρῶν
652 1354 896 1411 κευθμῶνα
925 1354 1002 1396 καὶ
1030 1350 1192 1396 σκότου
1221 1351 1365 1408 πύλας

149 1440 251 1492 ἔτλη
280 1440 539 1493 κατελθεῖν;
567 1440 622 1483 B.
655 1437 719 1482 ἔν’
753 1437 840 1497 ἀφ’
871 1435 1054 1491 ἑκάστης
1084 1439 1161 1492 τῆς
1189 1441 1343 1498 τέχνης

151 1523 372 1582 εἱλόμεθα
401 1525 526 1585 κοινῇ
554 1526 789 1582 γενομένης
817 1523 1062 1577 ἐκκλησίας,
1344 1516 1348 1518 ’

152 1609 229 1662 οὓς
256 1601 398 1670 ᾖσμεν
426 1608 560 1661 ὄντας
590 1609 841 1669 ᾁδοᾳοίτας
871 1611 948 1653 καὶ
978 1609 1117 1665 θαμὰ

95 1702 124 1742 5
152 1697 285 1740 ἐκεῖσε
316 1695 690 1753 φιλοχωροῦντας.
731 1696 788 1738 Α.
823 1691 910 1738 εἰσὶ
940 1693 1024 1754 γάρ
1053 1709 1167 1745 τινες

151 1780 307 1839 ἄνδρες
338 1781 442 1838 παρ’
481 1778 585 1838 ὑμῖν
617 1778 883 1839 ᾁδοφοῖταις
912 1779 968 1824 B.
1004 1779 1058 1833 νὴ
1089 1779 1174 1823 Δία

151 1863 347 1925 μάλιστά
377 1862 439 1921 y’.
499 1866 558 1911 A.
584 1861 731 1924 ὥσπερ
767 1866 1096 1924 Θρᾴκοφοῖταις
1126 1865 1183 1909 B.
1215 1863 1351 1908 πάντ’
1382 1865 1504 1925 Quo.

152 1954 213 1997 A.
243 1952 320 1994 καὶ
349 1948 462 2002 τίνες
492 1947 548 1994 ἂν
577 1943 686 2007 εἶεν;
712 1942 774 1996 Β.
807 1952 960 2009 πρῶτα
988 1954 1070 2008 μὲν
1097 1950 1359 2010 Σαννυρίων

149 2036 239 2081 ἀπὸ
268 2036 356 2079 τῶν
385 2037 630 2096 τρυγῳδῶν,
660 2034 750 2080 ἀπὸ
782 2036 828 2079 δὲ
859 2037 947 2079 τῶν
976 2037 1195 2094 τραγικῶν
1218 2037 1363 2095 χορῶν

68 2105 127 2168 ‘lo
160 2123 376 2176 Μέλητος,
407 2120 498 2167 ἀπὸ
526 2124 572 2167 δὲ
603 2124 691 2167 τῶν
720 2122 906 2166 κυκλίων
936 2121 1170 2179 Κινησίας.

342 2213 361 2234 U
664 2215 682 2235 Ο
972 2214 990 2234 Ὀ
1279 2214 1297 2234 ⁸

155 2292 215 2335 A.
242 2289 330 2342 ‘329
359 2288 524 2348 σφόδρ’
558 2292 628 2333 ε’πὶ
660 2293 829 2334 λεπτῶν
858 2291 1048 2335 ἐλπίδων
1077 2290 1265 2348 ὠχεῖσθ’
1300 2289 1401 2348 ἄρα.

154 2373 336 2425 τούτους
366 2374 449 2432 γὰρ
477 2371 534 2426 ἢν
564 2376 710 2435 πολλῷ
739 2377 933 2435 ξυνέλθιη
966 2377 1196 2433 ξυλλαβών

161 2458 186 2502 ὁ
214 2460 293 2513 τῆς
322 2458 552 2516 διαρροίας
582 2461 783 2518 ποταμὸς
812 2459 1052 2519 οἰχήσεται.

183 2564 422 2607 Athenaeus
452 2567 533 2607 ΧΠ
563 2580 604 2619 p.
622 2566 705 2607 551
739 2569 795 2609 A:
831 2567 922 2608 Καὶ
951 2562 1283 2622 Ἀριστοφάνης
1314 2563 1359 2607 δὲ
1389 2565 1436 2607 ἐν
1464 2568 1551 2619 Γη-

73 2629 240 2688 ρυτάδη
279 2633 463 2685 λεπτοὺς
497 2633 655 2677 τούσδε
689 2637 939 2692 καταλέγει,
984 2633 1060 2687 οὓς
1106 2638 1182 2678 καὶ
1219 2632 1423 2692 πρέσβεις
1462 2635 1548 2680 ὑπὸ

73 2701 163 2743 τῶν
189 2705 383 2757 ποιητῶν
411 2720 551 2763 ᾳησιν
587 2701 649 2756 εἷς
677 2700 846 2749 ‘'Au50v
884 2707 1148 2762 πέμπεσθαι
1188 2707 1297 2766 πρὸς
1335 2707 1436 2758 τοὺς
1464 2709 1555 2751 ἐκεῖ

74 2771 280 2829 ποιητάς,
318 2776 455 2832 λέγων
483 2774 672 2820 οὑτωσί·
702 2778 798 2820 Καὶ
829 2776 894 2829 τίς
924 2777 1086 2836 νεκρῶν
1113 2779 1204 2823 κτλ.
1235 2809 1292 2816 --
1321 2770 1418 2821 εἶθ’
1451 2778 1548 2832 ἑξῆς
