1716 3164
200 142 312 189 ‘1282
701 145 773 187 DE
799 145 1150 189 *minimum

196 258 466 300 *Crotoniatae
505 257 546 297 in
592 258 750 310 praelio
795 258 869 298 illo
912 259 976 299 usi
1016 263 1134 308 sunt,
1173 259 1430 312 imperatoris
1471 262 1648 306 fortuna.

200 330 305 369 Rem
336 331 471 367 narrat
501 327 721 368 Pausanias
749 328 808 367 111
839 328 923 368 19:
960 326 1002 375 ἐς
1042 322 1208 377 ταύτην
1245 330 1649 379 (insulam-Leucon

200 398 326 447 dicit)
379 394 544 449 πρῶτος
583 395 818 437 ἐσπλεῦσαι
854 395 1021 449 λέγεται
1058 393 1367 452 Κροτωνιάτης
1401 397 1645 455 Λεώνυμος.

199 464 391 518 πολέμου
443 461 525 519 γὰρ
570 462 894 521 Κροτωνιάταις
939 464 1249 517 συνεστηκότος
1305 467 1412 523 πρὸς
1451 468 1557 519 τοὺς
1602 470 1650 512 ἐν

195 532 366 590 Ἰταλίᾳ
394 531 600 590 Λοκρούς,
639 534 726 576 τῶν
763 534 945 590 Λοκρῶν
980 534 1092 576 κατὰ
1130 532 1370 588 οἰκειότητα
1408 537 1514 594 πρὸς
1534 538 1649 589 τοὺς

193 600 482 651 Ὀπουντίους
510 604 684 645 Αἴαντα
712 603 790 645 τὸν
811 601 993 654 Ὀϊλέως
1021 605 1062 655 ἐς
1090 605 1167 655 τὰς
1195 604 1336 661 μάχας
1365 607 1648 663 ἐπικαλουμέ-

196 688 297 724 νων,
327 671 350 714 ὁ
366 670 597 727 Λέώνυμος
621 671 948 729 Κροτωνιάταις
976 675 1232 731 στρατηγῶν
1258 674 1379 734 ἐπῄει
1407 678 1496 726 τοῖς
1520 677 1649 720 ’ἐναν-

196 742 305 793 τίοις
341 741 454 785 κατὰ
489 743 642 796 τοῦτο,
683 736 714 801 ᾗ
751 741 1051 799 προτετάχθαι
1086 744 1243 801 σφίσιν
1273 747 1454 788 Αἴαντα
1477 744 1647 798 ἤκουεν,

195 810 476 868 τιτρώσκεται
505 811 559 862 δὴ
591 812 639 853 τὸ
668 814 868 868 στέρνον,
898 816 971 855 καὶ
1002 813 1155 869 ἔκαμνε
1186 814 1268 871 γὰρ
1295 814 1380 857 ὑπὸ
1410 815 1649 873 rofi-rpus}-

194 898 332 938 ματος
371 880 551 937 ἀφίκετο
580 881 622 931 ἐς
650 880 855 939 Δελφούς.
913 881 1108 926 ἐλθόντα
1143 883 1255 936 δὲτὴ
1278 884 1449 927 Πυθία
1475 884 1649 931 Λεώνυ-

195 967 282 1009 μον
319 950 579 994 ἀπέστελλεν
618 951 660 1001 ἐς
694 953 832 1003 νῆσον
870 953 956 1004 τὴν
990 952 1182 1007 mmm»,
1206 954 1422 997 ἐνταῦθα
1465 952 1648 1003 εἰποῦσα

192 1021 315 1080 αὐτῷ
344 1019 633 1077 φανήσεσθαι
662 1021 747 1063 τὸν
773 1022 951 1064 ,Αἴαντα
986 1026 1060 1065 καὶ
1101 1021 1342 1067 ἀκέσεσθαι
1378 1025 1646 1082 τὸεῑτραῦμα.

195 1097 352 1148 Quibus
382 1094 528 1134 similia
563 1093 688 1133 tradit
717 1096 860 1135 Conon
892 1097 998 1147 apud
1031 1097 1221 1136 Photium
1240 1116 1243 1122 ι
1262 1097 1352 1136 cod.
1384 1098 1467 1137 186
1495 1100 1647 1151 p.1133

193 1166 259 1206 ed.
289 1165 417 1204 Bekk.
477 1163 689 1203 Creditum
716 1164 844 1216 igitur
874 1169 937 1204 est
967 1165 1218 1218 Leonymum
1249 1170 1290 1205 et
1317 1167 1648 1209 vainei-mmet

193 1240 378 1275 sanatum
411 1246 504 1273 esse
532 1234 581 1272 ab
607 1234 732 1273 Aiace
761 1234 870 1273 Oilei
900 1235 999 1274 filio.
1060 1235 1143 1274 lam
1174 1236 1391 1276 mosem-os
1419 1237 1461 1276 in
1490 1238 1645 1290 praelio

192 1304 384 1356 Sagrensi
414 1316 494 1343 non
525 1304 787 1351 crotoniatis,
832 1304 905 1343 sed
934 1305 1208 1344 Locrensibus
1236 1305 1386 1346 favisse
1410 1312 1569 1348 constat
1592 1321 1647 1349 ex

192 1373 426 1414 testimonio
446 1373 588 1412 Iustini
606 1373 675 1412 lib.
692 1373 769 1412 XX
786 1374 836 1412 3:
858 1375 1148 1427 pugnantibus
1163 1375 1309 1414 Locris
1323 1377 1467 1428 aquila
1483 1378 1536 1416 ab
1552 1380 1646 1418 acie

189 1456 400 1496 nunquam
427 1442 619 1488 recessit,
648 1453 796 1493 eosque
825 1449 912 1482 tam
940 1444 1015 1482 diu
1044 1444 1358 1484 circumvolavit
1388 1446 1525 1498 quoad
1551 1449 1644 1487 vin-

191 1515 347 1553 cerem.
410 1511 462 1550 In
499 1510 692 1550 cornibus
729 1524 886 1564 quoque
922 1512 1002 1551 duo
1045 1514 1213 1553 iuvenes
1243 1515 1406 1554 diverso
1435 1529 1463 1554 a
1492 1518 1644 1556 ceteris

191 1595 400 1623 armorum
419 1581 580 1628 habitu,
611 1581 768 1620 eximia
797 1582 1102 1634 magnitudine,
1133 1589 1176 1623 et
1205 1583 1312 1623 albis
1340 1585 1456 1637 equis
1481 1590 1523 1624 et
1552 1597 1643 1625 coc-

191 1653 325 1693 cineis
355 1651 669 1704 paludamentis
703 1663 895 1703 pugnare
932 1653 1016 1691 visi
1043 1657 1154 1701 sunt,
1189 1666 1266 1692 nec
1295 1653 1408 1693 ultra
1438 1668 1641 1708 apparue-

189 1728 288 1763 runt
317 1735 439 1775 quam
447 1725 686 1775 pugnatum
714 1725 790 1760 est.
809 1722 847 1771 *)
880 1721 994 1761 Pone
1010 1723 1133 1774 igitur
1149 1723 1439 1763 Phormionem
1455 1725 1643 1765 vulnera-

189 1798 275 1832 tum
305 1792 433 1832 fuisse
463 1793 513 1831 ab
543 1791 742 1830 alterutro
775 1791 1119 1842 Tyndaridarum,
1150 1796 1192 1832 et
1219 1793 1390 1833 habebis
1419 1794 1540 1846 plane
1568 1807 1641 1847 ge-

189 1863 353 1902 mellam
383 1863 595 1912 utriusque
625 1861 738 1900 ducis
767 1860 988 1901 fortunam.
1052 1863 1185 1902 Ambo
1225 1863 1407 1903 eiusdem
1438 1864 1642 1904 exercitus
1715 1886 1716 1889 =

189 1932 315 1971 duces
345 1932 490 1970 eodem
521 1932 560 1970 in
586 1931 747 1982 >praelio
778 1943 901 1982 grave
930 1936 971 1970 et
987 1931 1163 1971 humana
1193 1945 1272 1984 ope
1301 1933 1525 1972 insanabile
1551 1933 1640 1972 vul-

186 2014 264 2042 nus
301 2006 585 2052 susceperunt,
615 2001 733 2039 ambo
770 2001 820 2039 ab
861 2002 1026 2040 oraculo
1066 2002 1252 2041 medelae
1289 2003 1488 2041 rationem
1518 2015 1643 2053 expe-

185 2073 298 2120 tunt,
339 2071 535 2111 ambobus
574 2070 754 2108 vulneris
792 2070 959 2109 sanandi
1001 2083 1095 2122 spes
1137 2071 1364 2110 ostenditur
1404 2071 1452 2110 ab
1491 2071 1541 2110 iis
1571 2072 1641 2123 qui

182 2142 331 2181 vulnus
359 2141 457 2192 ipsis
485 2139 745 2187 inflixerant,
775 2139 1009 2191 Leonymus
1038 2140 1210 2179 insulam
1241 2141 1405 2179 Leucen
1435 2140 1548 2180 adire
1577 2141 1640 2180 iu·-

149 2199 323 2260 ‘betur‚
370 2210 412 2250 in
453 2221 534 2260 qua
577 2211 763 2248 versatur
799 2209 934 2248 Aiacis
973 2208 1189 2248 Locrensis
1233 2210 1397 2257 umbra,
1443 2209 1639 2250 Phormio

181 2281 367 2334 Spartam
399 2278 653 2330 commigrat,
674 2278 887 2317 Castorum
917 2279 1057 2318 sedem
1086 2280 1393 2328 sanctissimam,
1423 2280 1541 2319 ambo
1567 2279 1639 2319 de-

181 2351 307 2402 nique
335 2350 419 2389 voti
449 2353 659 2400 compotes
688 2347 787 2387 facti
817 2349 972 2399 patriae
1002 2349 1286 2389 restituuntur.
1346 2348 1474 2388 Plane
1502 2353 1638 2388 autem

181 2420 395 2459 confirmat
430 2418 536 2459 hanc
565 2418 729 2457 fabulae
767 2411 1108 2470 redintegrandae
1146 2418 1346 2457 rationem
1375 2418 1464 2470 ipse
1495 2418 1635 2458 Theo-
1704 2457 1705 2462 ,

179 2501 379 2541 pompeae
409 2489 651 2529 narrationis
679 2491 799 2528 tenor
827 2491 868 2527 et
896 2487 1155 2529 continuitas.
1215 2488 1363 2528 Nonne
1393 2488 1501 2528 enim
1531 2499 1636 2538 quae
1707 2532 1709 2549 ἲ

271 2647 304 2688 ¹¹)
329 2647 574 2680 Dioscurorum
597 2646 631 2680 in
659 2645 736 2680 acie
763 2643 938 2677 exercitus
965 2643 1020 2678 cui
1046 2644 1201 2681 faverent
1230 2645 1454 2691 pugnantium
1478 2646 1635 2689 exempla

182 2706 321 2748 collegit
343 2705 503 2740 Davisius
528 2707 571 2739 ad
596 2706 711 2741 Cicer.
737 2706 782 2739 N.
807 2705 851 2737 D.
876 2704 906 2736 ΙΙ
930 2702 962 2738 5.
