<?xml version="1.0" encoding="UTF-8"?>
<!DOCTYPE html PUBLIC "-//W3C//DTD XHTML 1.0 Transitional//EN"
    "http://www.w3.org/TR/xhtml1/DTD/xhtml1-transitional.dtd">
<html xmlns="http://www.w3.org/1999/xhtml" xml:lang="en" lang="en">
 <head>
  <title>
</title>
<meta http-equiv="Content-Type" content="text/html;charset=utf-8" />
  <meta name='ocr-system' content='tesseract 3.04.00' />
  <meta name='ocr-capabilities' content='ocr_page ocr_carea ocr_par ocr_line ocrx_word'/>
</head>
<body>
  <div class='ocr_page' id='page_1' title='image "./fragmentacomicor02meinuoft_0473.png"; bbox 0 0 1716 3164; ppageno 0'>
   <div class='ocr_carea' id='block_1_1' title="bbox 0 0 34 3164">
    <p class='ocr_par' dir='ltr' id='par_1_1' title="bbox 0 0 34 3164">
     <span class='ocr_line' id='line_1_1' title="bbox 0 0 34 3164; baseline 0 0"><span class='ocrx_word' id='word_1_1' title='bbox 0 0 34 3164; x_wconf 95' lang='lat' dir='ltr'><em> </em></span> 
     </span>
    </p>
   </div>
   <div class='ocr_carea' id='block_1_2' title="bbox 692 159 1548 222">
    <p class='ocr_par' dir='ltr' id='par_1_2' title="bbox 692 159 1548 222">
     <span class='ocr_line' id='line_1_2' title="bbox 692 159 1548 222; baseline 0.002 -2"><span class='ocrx_word' id='word_1_2' title='bbox 692 178 745 220; x_wconf 86' lang='lat' dir='ltr'><em>H</em></span> <span class='ocrx_word' id='word_1_3' title='bbox 751 159 928 222; x_wconf 78' lang='grc' dir='ltr'><em>ΡΩΕΣ.</em></span> <span class='ocrx_word' id='word_1_4' title='bbox 1440 180 1548 222; x_wconf 80' lang='lat' dir='ltr'><em>lou</em></span> 
     </span>
    </p>
   </div>
   <div class='ocr_carea' id='block_1_3' title="bbox 19 289 1550 1156">
    <p class='ocr_par' dir='ltr' id='par_1_3' title="bbox 19 289 1550 1156">
     <span class='ocr_line' id='line_1_3' title="bbox 66 289 1549 352; baseline -0.001 -15"><span class='ocrx_word' id='word_1_5' title='bbox 66 294 146 347; x_wconf 84' lang='grc' dir='ltr'><em>τῆς</em></span> <span class='ocrx_word' id='word_1_6' title='bbox 177 292 388 350; x_wconf 79' lang='grc' dir='ltr'><em>τραπέζης</em></span> <span class='ocrx_word' id='word_1_7' title='bbox 429 293 670 352; x_wconf 73' lang='grc' dir='ltr'><em>καταπέσῃ,</em></span> <span class='ocrx_word' id='word_1_8' title='bbox 737 296 843 350; x_wconf 83' lang='lat' dir='ltr'><strong>Ego,</strong></span> <span class='ocrx_word' id='word_1_9' title='bbox 874 296 1030 335; x_wconf 76' lang='lat' dir='ltr'><strong>inserta</strong></span> <span class='ocrx_word' id='word_1_10' title='bbox 1063 292 1265 346; x_wconf 77' lang='lat' dir='ltr'><strong>particula</strong></span> <span class='ocrx_word' id='word_1_11' title='bbox 1296 289 1366 345; x_wconf 84' lang='grc' dir='ltr'><em>δέ,</em></span> <span class='ocrx_word' id='word_1_12' title='bbox 1406 298 1549 335; x_wconf 83' lang='lat' dir='ltr'><strong>cetera</strong></span> 
     </span>
     <span class='ocr_line' id='line_1_4' title="bbox 66 364 1548 419; baseline -0.002 -11"><span class='ocrx_word' id='word_1_13' title='bbox 66 368 228 419; x_wconf 80' lang='lat' dir='ltr'><strong>integra</strong></span> <span class='ocrx_word' id='word_1_14' title='bbox 257 366 441 406; x_wconf 76' lang='lat' dir='ltr'><strong>servari:</strong></span> <span class='ocrx_word' id='word_1_15' title='bbox 483 365 660 406; x_wconf 79' lang='lat' dir='ltr'><strong>fortasse</strong></span> <span class='ocrx_word' id='word_1_16' title='bbox 699 371 837 406; x_wconf 87' lang='lat' dir='ltr'><strong>autem</strong></span> <span class='ocrx_word' id='word_1_17' title='bbox 871 365 1161 418; x_wconf 74' lang='lat' dir='ltr'><strong>Aristophanis</strong></span> <span class='ocrx_word' id='word_1_18' title='bbox 1201 364 1323 404; x_wconf 88' lang='lat' dir='ltr'><strong>etiam</strong></span> <span class='ocrx_word' id='word_1_19' title='bbox 1352 368 1415 405; x_wconf 88' lang='lat' dir='ltr'><em>est</em></span> <span class='ocrx_word' id='word_1_20' title='bbox 1443 365 1548 405; x_wconf 87' lang='lat' dir='ltr'><strong>illud</strong></span> 
     </span>
     <span class='ocr_line' id='line_1_5' title="bbox 65 431 1549 491; baseline 0.001 -15"><span class='ocrx_word' id='word_1_21' title='bbox 65 443 346 491; x_wconf 83' lang='lat' dir='ltr'><strong>praeceptum,</strong></span> <span class='ocrx_word' id='word_1_22' title='bbox 377 434 531 476; x_wconf 86' lang='grc' dir='ltr'><em>λευκὸν</em></span> <span class='ocrx_word' id='word_1_23' title='bbox 560 433 827 491; x_wconf 75' lang='grc' dir='ltr'><em>ἀλεκτρυόνα</em></span> <span class='ocrx_word' id='word_1_24' title='bbox 857 434 919 488; x_wconf 81' lang='grc' dir='ltr'><em>μή</em></span> <span class='ocrx_word' id='word_1_25' title='bbox 951 431 1141 475; x_wconf 76' lang='grc' dir='ltr'><em>ἐσθίειν.</em></span> <span class='ocrx_word' id='word_1_26' title='bbox 1173 436 1236 475; x_wconf 86' lang='lat' dir='ltr'><em>Ea</em></span> <span class='ocrx_word' id='word_1_27' title='bbox 1259 439 1411 486; x_wconf 87' lang='lat' dir='ltr'><strong>autem,</strong></span> <span class='ocrx_word' id='word_1_28' title='bbox 1442 448 1549 488; x_wconf 79' lang='lat' dir='ltr'><strong>quae</strong></span> 
     </span>
     <span class='ocr_line' id='line_1_6' title="bbox 63 505 1548 559; baseline -0.001 -11"><span class='ocrx_word' id='word_1_29' title='bbox 63 508 134 548; x_wconf 87' lang='lat' dir='ltr'><strong>hic</strong></span> <span class='ocrx_word' id='word_1_30' title='bbox 163 508 339 548; x_wconf 91' lang='lat' dir='ltr'><strong>heroum</strong></span> <span class='ocrx_word' id='word_1_31' title='bbox 372 509 525 548; x_wconf 88' lang='lat' dir='ltr'><strong>chorus</strong></span> <span class='ocrx_word' id='word_1_32' title='bbox 543 508 868 549; x_wconf 80' lang='lat' dir='ltr'><strong>Atheniensibus</strong></span> <span class='ocrx_word' id='word_1_33' title='bbox 899 505 1160 547; x_wconf 84' lang='lat' dir='ltr'><strong>observanda</strong></span> <span class='ocrx_word' id='word_1_34' title='bbox 1190 507 1398 558; x_wconf 86' lang='lat' dir='ltr'><strong>proponit,</strong></span> <span class='ocrx_word' id='word_1_35' title='bbox 1429 519 1548 559; x_wconf 88' lang='lat' dir='ltr'><strong>pror-</strong></span> 
     </span>
     <span class='ocr_line' id='line_1_7' title="bbox 63 575 1548 631; baseline -0.001 -12"><span class='ocrx_word' id='word_1_36' title='bbox 63 591 133 619; x_wconf 87' lang='lat' dir='ltr'><em>sus</em></span> <span class='ocrx_word' id='word_1_37' title='bbox 175 592 406 631; x_wconf 82' lang='lat' dir='ltr'><strong>congruere</strong></span> <span class='ocrx_word' id='word_1_38' title='bbox 451 591 544 619; x_wconf 89' lang='lat' dir='ltr'><em>cum</em></span> <span class='ocrx_word' id='word_1_39' title='bbox 588 577 851 630; x_wconf 78' lang='lat' dir='ltr'><strong>Pythagorae</strong></span> <span class='ocrx_word' id='word_1_40' title='bbox 892 576 1127 629; x_wconf 79' lang='lat' dir='ltr'><strong>praeceptis</strong></span> <span class='ocrx_word' id='word_1_41' title='bbox 1158 580 1200 614; x_wconf 85' lang='lat' dir='ltr'><em>et</em></span> <span class='ocrx_word' id='word_1_42' title='bbox 1237 575 1458 626; x_wconf 85' lang='lat' dir='ltr'><strong>institutis,</strong></span> <span class='ocrx_word' id='word_1_43' title='bbox 1497 588 1548 617; x_wconf 91' lang='lat' dir='ltr'><em>eo</em></span> 
     </span>
     <span class='ocr_line' id='line_1_8' title="bbox 22 645 1549 700; baseline -0.002 -11"><span class='ocrx_word' id='word_1_44' title='bbox 22 684 23 689; x_wconf 73' lang='grc'><em>,</em></span> <span class='ocrx_word' id='word_1_45' title='bbox 62 649 198 689; x_wconf 87' lang='lat' dir='ltr'><strong>minus</strong></span> <span class='ocrx_word' id='word_1_46' title='bbox 229 650 379 688; x_wconf 89' lang='lat' dir='ltr'><strong>mirum</strong></span> <span class='ocrx_word' id='word_1_47' title='bbox 411 652 489 698; x_wconf 85' lang='lat' dir='ltr'><strong>est,</strong></span> <span class='ocrx_word' id='word_1_48' title='bbox 533 648 644 700; x_wconf 90' lang='lat' dir='ltr'><strong>quod</strong></span> <span class='ocrx_word' id='word_1_49' title='bbox 678 648 937 700; x_wconf 81' lang='lat' dir='ltr'><strong>Pythagoras</strong></span> <span class='ocrx_word' id='word_1_50' title='bbox 968 658 1134 699; x_wconf 88' lang='lat' dir='ltr'><strong>quoque</strong></span> <span class='ocrx_word' id='word_1_51' title='bbox 1161 645 1338 685; x_wconf 89' lang='lat' dir='ltr'><strong>heroum</strong></span> <span class='ocrx_word' id='word_1_52' title='bbox 1366 645 1549 686; x_wconf 75' lang='lat' dir='ltr'><strong>honores</strong></span> 
     </span>
     <span class='ocr_line' id='line_1_9' title="bbox 21 712 1550 771; baseline -0.002 -12"><span class='ocrx_word' id='word_1_53' title='bbox 21 747 22 750; x_wconf 20' lang='grc' dir='ltr'>η</span> <span class='ocrx_word' id='word_1_54' title='bbox 63 719 446 768; x_wconf 83' lang='lat' dir='ltr'><strong>commendaverat,</strong></span> <span class='ocrx_word' id='word_1_55' title='bbox 489 719 570 758; x_wconf 83' lang='lat' dir='ltr'><strong>vid.</strong></span> <span class='ocrx_word' id='word_1_56' title='bbox 611 718 731 771; x_wconf 84' lang='lat' dir='ltr'><strong>Diog.</strong></span> <span class='ocrx_word' id='word_1_57' title='bbox 776 718 916 759; x_wconf 84' lang='lat' dir='ltr'><strong>Laert.</strong></span> <span class='ocrx_word' id='word_1_58' title='bbox 957 716 1059 759; x_wconf 82' lang='lat' dir='ltr'>VIII</span> <span class='ocrx_word' id='word_1_59' title='bbox 1097 716 1177 756; x_wconf 78' lang='lat'><em>33:</em></span> <span class='ocrx_word' id='word_1_60' title='bbox 1233 712 1375 768; x_wconf 83' lang='grc' dir='ltr'><em>Τιμὰς</em></span> <span class='ocrx_word' id='word_1_61' title='bbox 1419 715 1550 763; x_wconf 77' lang='grc' dir='ltr'><em>θεοῖς</em></span> 
     </span>
     <span class='ocr_line' id='line_1_10' title="bbox 19 780 1549 850; baseline -0.003 -21"><span class='ocrx_word' id='word_1_62' title='bbox 19 841 21 850; x_wconf 61' lang='lat'><strong><em>‚</em></strong></span> <span class='ocrx_word' id='word_1_63' title='bbox 64 787 157 829; x_wconf 81' lang='grc' dir='ltr'><em>δεῖν</em></span> <span class='ocrx_word' id='word_1_64' title='bbox 187 786 376 843; x_wconf 81' lang='grc' dir='ltr'><em>νομίζειν</em></span> <span class='ocrx_word' id='word_1_65' title='bbox 413 787 489 828; x_wconf 87' lang='grc' dir='ltr'><em>καὶ</em></span> <span class='ocrx_word' id='word_1_66' title='bbox 518 780 688 841; x_wconf 76' lang='grc' dir='ltr'><em>ἥρωσιν</em></span> <span class='ocrx_word' id='word_1_67' title='bbox 717 784 779 841; x_wconf 86' lang='grc' dir='ltr'><em>μὴ</em></span> <span class='ocrx_word' id='word_1_68' title='bbox 810 783 888 835; x_wconf 77' lang='grc' dir='ltr'><em>τοὶς</em></span> <span class='ocrx_word' id='word_1_69' title='bbox 919 785 1044 836; x_wconf 80' lang='grc' dir='ltr'><em>ἴσας,</em></span> <span class='ocrx_word' id='word_1_70' title='bbox 1072 781 1186 825; x_wconf 76' lang='grc' dir='ltr'><em>ἀλλὰ</em></span> <span class='ocrx_word' id='word_1_71' title='bbox 1214 784 1343 834; x_wconf 72' lang='grc' dir='ltr'><em>θεοῖς</em></span> <span class='ocrx_word' id='word_1_72' title='bbox 1370 787 1451 840; x_wconf 81' lang='grc' dir='ltr'><em>μὲν</em></span> <span class='ocrx_word' id='word_1_73' title='bbox 1480 781 1549 826; x_wconf 78' lang='grc' dir='ltr'><em>ἀεὶ</em></span> 
     </span>
     <span class='ocr_line' id='line_1_11' title="bbox 62 848 1550 914; baseline -0.003 -14"><span class='ocrx_word' id='word_1_74' title='bbox 62 856 160 913; x_wconf 80' lang='grc' dir='ltr'><em>μετ’</em></span> <span class='ocrx_word' id='word_1_75' title='bbox 193 855 414 914; x_wconf 72' lang='grc' dir='ltr'><em>εὖφημίας</em></span> <span class='ocrx_word' id='word_1_76' title='bbox 443 857 833 914; x_wconf 74' lang='grc' dir='ltr'><em>λευχειμονοῦντας</em></span> <span class='ocrx_word' id='word_1_77' title='bbox 874 858 949 899; x_wconf 84' lang='grc' dir='ltr'><em>καὶ</em></span> <span class='ocrx_word' id='word_1_78' title='bbox 989 853 1276 911; x_wconf 74' lang='grc' dir='ltr'><em>ἁγνεύοντας,</em></span> <span class='ocrx_word' id='word_1_79' title='bbox 1319 848 1460 913; x_wconf 72' lang='grc' dir='ltr'><em>ἥρωσι</em></span> <span class='ocrx_word' id='word_1_80' title='bbox 1501 854 1550 896; x_wconf 80' lang='grc' dir='ltr'><em>δὲ</em></span> 
     </span>
     <span class='ocr_line' id='line_1_12' title="bbox 62 926 524 986; baseline 0.004 -16"><span class='ocrx_word' id='word_1_81' title='bbox 62 927 152 972; x_wconf 79' lang='grc' dir='ltr'><em>ἀπὸ</em></span> <span class='ocrx_word' id='word_1_82' title='bbox 177 929 317 986; x_wconf 85' lang='grc' dir='ltr'><em>μέσου</em></span> <span class='ocrx_word' id='word_1_83' title='bbox 350 926 524 984; x_wconf 77' lang='grc' dir='ltr'><em>ἡμέρας.</em></span> 
     </span>
     <span class='ocr_line' id='line_1_13' title="bbox 764 1016 839 1056; baseline 0 0"><span class='ocrx_word' id='word_1_84' title='bbox 764 1016 839 1056; x_wconf 89' lang='lat'><em>111.</em></span> 
     </span>
     <span class='ocr_line' id='line_1_14' title="bbox 171 1092 1405 1156; baseline -0.002 -14"><span class='ocrx_word' id='word_1_85' title='bbox 171 1097 300 1151; x_wconf 78' lang='grc' dir='ltr'><em>Μὴτε</em></span> <span class='ocrx_word' id='word_1_86' title='bbox 331 1095 637 1156; x_wconf 70' lang='grc' dir='ltr'><em>ποδόνιπτρον</em></span> <span class='ocrx_word' id='word_1_87' title='bbox 669 1095 831 1156; x_wconf 79' lang='grc' dir='ltr'><em>θύραζ’</em></span> <span class='ocrx_word' id='word_1_88' title='bbox 864 1097 1020 1153; x_wconf 80' lang='grc' dir='ltr'><em>ἐκχεῖτε</em></span> <span class='ocrx_word' id='word_1_89' title='bbox 1049 1094 1157 1153; x_wconf 83' lang='grc' dir='ltr'><em>μήτε</em></span> <span class='ocrx_word' id='word_1_90' title='bbox 1188 1092 1405 1153; x_wconf 86' lang='grc' dir='ltr'><em>λούτριον.</em></span> 
     </span>
    </p>
   </div>
   <div class='ocr_carea' id='block_1_4' title="bbox 16 1191 1598 1680">
    <p class='ocr_par' dir='ltr' id='par_1_4' title="bbox 16 1191 1598 1680">
     <span class='ocr_line' id='line_1_15' title="bbox 176 1191 1546 1254; baseline -0.004 -13"><span class='ocrx_word' id='word_1_91' title='bbox 176 1200 323 1241; x_wconf 77' lang='lat' dir='ltr'><strong>Pollux</strong></span> <span class='ocrx_word' id='word_1_92' title='bbox 354 1200 432 1242; x_wconf 87' lang='lat' dir='ltr'><em>VII</em></span> <span class='ocrx_word' id='word_1_93' title='bbox 465 1200 568 1239; x_wconf 79' lang='lat'>167:</span> <span class='ocrx_word' id='word_1_94' title='bbox 610 1198 706 1239; x_wconf 87' lang='grc' dir='ltr'><em>Καὶ</em></span> <span class='ocrx_word' id='word_1_95' title='bbox 741 1196 792 1239; x_wconf 90' lang='grc' dir='ltr'><em>τὸ</em></span> <span class='ocrx_word' id='word_1_96' title='bbox 829 1191 948 1254; x_wconf 76' lang='grc' dir='ltr'><em>ὕδωρ</em></span> <span class='ocrx_word' id='word_1_97' title='bbox 986 1198 1065 1238; x_wconf 87' lang='grc' dir='ltr'><em>τοῦ</em></span> <span class='ocrx_word' id='word_1_98' title='bbox 1105 1193 1292 1252; x_wconf 84' lang='grc' dir='ltr'><em>λουτροῦ</em></span> <span class='ocrx_word' id='word_1_99' title='bbox 1330 1191 1546 1251; x_wconf 81' lang='grc' dir='ltr'><em>λούτριον,</em></span> 
     </span>
     <span class='ocr_line' id='line_1_16' title="bbox 16 1263 1548 1327; baseline -0.002 -17"><span class='ocrx_word' id='word_1_100' title='bbox 16 1323 19 1327; x_wconf 77' lang='lat'><em>,</em></span> <span class='ocrx_word' id='word_1_101' title='bbox 60 1266 119 1319; x_wconf 81' lang='grc' dir='ltr'><em>ὠς</em></span> <span class='ocrx_word' id='word_1_102' title='bbox 158 1266 490 1326; x_wconf 70' lang='grc' dir='ltr'><em>Ἀριστοφάνης</em></span> <span class='ocrx_word' id='word_1_103' title='bbox 534 1268 580 1309; x_wconf 82' lang='grc' dir='ltr'><em>ἐν</em></span> <span class='ocrx_word' id='word_1_104' title='bbox 617 1263 812 1324; x_wconf 69' lang='grc' dir='ltr'><em>“Ἠρωσι·</em></span> <span class='ocrx_word' id='word_1_105' title='bbox 865 1263 994 1319; x_wconf 81' lang='grc' dir='ltr'><em>Μήτ’</em></span> <span class='ocrx_word' id='word_1_106' title='bbox 1042 1263 1319 1323; x_wconf 81' lang='grc' dir='ltr'><em>ἀπόνιπτρον</em></span> <span class='ocrx_word' id='word_1_107' title='bbox 1361 1265 1548 1321; x_wconf 78' lang='grc' dir='ltr'><em>ἐκχεῖται</em></span> 
     </span>
     <span class='ocr_line' id='line_1_17' title="bbox 60 1336 1547 1395; baseline 0.001 -15"><span class='ocrx_word' id='word_1_108' title='bbox 60 1337 168 1395; x_wconf 86' lang='grc' dir='ltr'><em>μήτε</em></span> <span class='ocrx_word' id='word_1_109' title='bbox 199 1340 441 1394; x_wconf 82' lang='grc' dir='ltr'><em>λουτρεῖον,</em></span> <span class='ocrx_word' id='word_1_110' title='bbox 468 1343 560 1382; x_wconf 88' lang='lat' dir='ltr'><strong>cod.</strong></span> <span class='ocrx_word' id='word_1_111' title='bbox 588 1343 796 1395; x_wconf 84' lang='lat' dir='ltr'><strong>Iungerm.</strong></span> <span class='ocrx_word' id='word_1_112' title='bbox 827 1336 1043 1395; x_wconf 85' lang='grc' dir='ltr'><em>λούτριον.</em></span> <span class='ocrx_word' id='word_1_113' title='bbox 1112 1341 1304 1382; x_wconf 81' lang='lat' dir='ltr'><strong>Correxit</strong></span> <span class='ocrx_word' id='word_1_114' title='bbox 1332 1340 1547 1381; x_wconf 71' lang='lat' dir='ltr'><strong>Seidlerus</strong></span> 
     </span>
     <span class='ocr_line' id='line_1_18' title="bbox 61 1408 1545 1465; baseline -0.003 -12"><span class='ocrx_word' id='word_1_115' title='bbox 61 1413 247 1453; x_wconf 87' lang='lat' dir='ltr'><strong>adhibito</strong></span> <span class='ocrx_word' id='word_1_116' title='bbox 279 1412 462 1453; x_wconf 83' lang='lat' dir='ltr'><strong>Pollucis</strong></span> <span class='ocrx_word' id='word_1_117' title='bbox 492 1414 587 1453; x_wconf 91' lang='lat' dir='ltr'><strong>loco</strong></span> <span class='ocrx_word' id='word_1_118' title='bbox 618 1414 658 1454; x_wconf 91' lang='lat' dir='ltr'>X</span> <span class='ocrx_word' id='word_1_119' title='bbox 691 1415 772 1454; x_wconf 82' lang='lat'><em>78:</em></span> <span class='ocrx_word' id='word_1_120' title='bbox 818 1410 1037 1452; x_wconf 81' lang='grc' dir='ltr'><em>Καλεΐται</em></span> <span class='ocrx_word' id='word_1_121' title='bbox 1072 1410 1223 1465; x_wconf 83' lang='grc' dir='ltr'><em>μέντοι</em></span> <span class='ocrx_word' id='word_1_122' title='bbox 1262 1410 1337 1450; x_wconf 86' lang='grc' dir='ltr'><em>καὶ</em></span> <span class='ocrx_word' id='word_1_123' title='bbox 1374 1408 1545 1450; x_wconf 82' lang='grc' dir='ltr'><em>ποδαν-</em></span> 
     </span>
     <span class='ocr_line' id='line_1_19' title="bbox 61 1474 1598 1537; baseline -0.001 -14"><span class='ocrx_word' id='word_1_124' title='bbox 61 1479 222 1536; x_wconf 79' lang='grc' dir='ltr'><em>νιπτήρ</em></span> <span class='ocrx_word' id='word_1_125' title='bbox 260 1507 315 1516; x_wconf 48' lang='grc' dir='ltr'><em>ι-</em></span> <span class='ocrx_word' id='word_1_126' title='bbox 359 1480 410 1523; x_wconf 87' lang='grc' dir='ltr'><em>τὸ</em></span> <span class='ocrx_word' id='word_1_127' title='bbox 460 1480 505 1522; x_wconf 79' lang='grc' dir='ltr'><em>δὲ</em></span> <span class='ocrx_word' id='word_1_128' title='bbox 545 1477 626 1522; x_wconf 72' lang='grc' dir='ltr'><em>ἀπ’</em></span> <span class='ocrx_word' id='word_1_129' title='bbox 657 1478 798 1522; x_wconf 78' lang='grc' dir='ltr'><em>αὐτοῦ</em></span> <span class='ocrx_word' id='word_1_130' title='bbox 835 1475 953 1537; x_wconf 76' lang='grc' dir='ltr'><em>ὕδωρ</em></span> <span class='ocrx_word' id='word_1_131' title='bbox 993 1479 1177 1537; x_wconf 85' lang='grc' dir='ltr'><em>νίπτρον</em></span> <span class='ocrx_word' id='word_1_132' title='bbox 1212 1476 1242 1532; x_wconf 81' lang='grc' dir='ltr'><em>ἢ</em></span> <span class='ocrx_word' id='word_1_133' title='bbox 1278 1476 1482 1535; x_wconf 85' lang='grc' dir='ltr'><em>λούτριον</em></span> <span class='ocrx_word' id='word_1_134' title='bbox 1517 1474 1547 1530; x_wconf 83' lang='grc' dir='ltr'><em>ἢ</em></span> <span class='ocrx_word' id='word_1_135' title='bbox 1596 1519 1598 1521; x_wconf 88' lang='grc'><em>.</em></span> 
     </span>
     <span class='ocr_line' id='line_1_20' title="bbox 62 1545 1545 1609; baseline -0.001 -15"><span class='ocrx_word' id='word_1_136' title='bbox 62 1549 379 1607; x_wconf 68' lang='grc' dir='ltr'><em>ποδόνιπτρον,</em></span> <span class='ocrx_word' id='word_1_137' title='bbox 406 1549 465 1601; x_wconf 75' lang='grc' dir='ltr'><em>ὥς</em></span> <span class='ocrx_word' id='word_1_138' title='bbox 495 1551 541 1592; x_wconf 77' lang='grc' dir='ltr'><em>ἐν</em></span> <span class='ocrx_word' id='word_1_139' title='bbox 569 1545 771 1609; x_wconf 65' lang='grc' dir='ltr'><em>’Ήρωσιν</em></span> <span class='ocrx_word' id='word_1_140' title='bbox 799 1548 1133 1608; x_wconf 80' lang='grc' dir='ltr'><em>Ἀριστοφάνης</em></span> <span class='ocrx_word' id='word_1_141' title='bbox 1161 1550 1293 1606; x_wconf 72' lang='grc' dir='ltr'><em>λέγει.</em></span> <span class='ocrx_word' id='word_1_142' title='bbox 1346 1553 1464 1594; x_wconf 86' lang='lat' dir='ltr'><strong>Haec</strong></span> <span class='ocrx_word' id='word_1_143' title='bbox 1494 1564 1545 1593; x_wconf 79' lang='lat' dir='ltr'><em>ex</em></span> 
     </span>
     <span class='ocr_line' id='line_1_21' title="bbox 61 1626 945 1680; baseline -0.002 -12"><span class='ocrx_word' id='word_1_144' title='bbox 61 1627 208 1668; x_wconf 81' lang='lat' dir='ltr'><strong>eadem</strong></span> <span class='ocrx_word' id='word_1_145' title='bbox 240 1627 429 1667; x_wconf 86' lang='lat' dir='ltr'><strong>Heroum</strong></span> <span class='ocrx_word' id='word_1_146' title='bbox 460 1626 647 1667; x_wconf 85' lang='lat' dir='ltr'><strong>oratione</strong></span> <span class='ocrx_word' id='word_1_147' title='bbox 677 1626 806 1680; x_wconf 85' lang='lat' dir='ltr'><strong>petita</strong></span> <span class='ocrx_word' id='word_1_148' title='bbox 836 1629 945 1667; x_wconf 86' lang='lat' dir='ltr'><strong>sunt.</strong></span> 
     </span>
    </p>
   </div>
   <div class='ocr_carea' id='block_1_5' title="bbox 61 1740 1542 2036">
    <p class='ocr_par' dir='ltr' id='par_1_5' title="bbox 61 1740 1542 2036">
     <span class='ocr_line' id='line_1_22' title="bbox 765 1740 837 1782; baseline 0.028 -2"><span class='ocrx_word' id='word_1_149' title='bbox 765 1740 837 1782; x_wconf 83' lang='lat' dir='ltr'><em>IV.</em></span> 
     </span>
     <span class='ocr_line' id='line_1_23' title="bbox 406 1817 1182 1880; baseline 0.003 -19"><span class='ocrx_word' id='word_1_150' title='bbox 406 1817 536 1862; x_wconf 79' lang='grc' dir='ltr'><em>Κᾶπὸ</em></span> <span class='ocrx_word' id='word_1_151' title='bbox 567 1819 643 1872; x_wconf 78' lang='grc' dir='ltr'><em>τῆς</em></span> <span class='ocrx_word' id='word_1_152' title='bbox 670 1821 930 1880; x_wconf 78' lang='grc' dir='ltr'><em>Διϊτρέφους</em></span> <span class='ocrx_word' id='word_1_153' title='bbox 958 1820 1182 1879; x_wconf 81' lang='grc' dir='ltr'><em>τραπέζης.</em></span> 
     </span>
     <span class='ocr_line' id='line_1_24' title="bbox 174 1893 1542 1965; baseline -0.01 -11"><span class='ocrx_word' id='word_1_154' title='bbox 174 1908 406 1951; x_wconf 76' lang='lat' dir='ltr'><strong>Scholiasta</strong></span> <span class='ocrx_word' id='word_1_155' title='bbox 435 1909 536 1949; x_wconf 85' lang='lat' dir='ltr'><strong>Avv-</strong></span> <span class='ocrx_word' id='word_1_156' title='bbox 567 1909 676 1953; x_wconf 76' lang='lat'><strong>799:</strong></span> <span class='ocrx_word' id='word_1_157' title='bbox 715 1909 952 1965; x_wconf 82' lang='grc' dir='ltr'><em>Διϊτρέφης</em></span> <span class='ocrx_word' id='word_1_158' title='bbox 991 1934 1046 1942; x_wconf 85' lang='lat'><em>—-</em></span> <span class='ocrx_word' id='word_1_159' title='bbox 1077 1900 1146 1948; x_wconf 80' lang='grc' dir='ltr'><em>ὅτι</em></span> <span class='ocrx_word' id='word_1_160' title='bbox 1177 1903 1223 1946; x_wconf 84' lang='grc' dir='ltr'><em>δὲ</em></span> <span class='ocrx_word' id='word_1_161' title='bbox 1246 1893 1303 1955; x_wconf 79' lang='grc' dir='ltr'><em>ἦν</em></span> <span class='ocrx_word' id='word_1_162' title='bbox 1332 1897 1542 1943; x_wconf 82' lang='grc' dir='ltr'><em>νεόπλου-</em></span> 
     </span>
     <span class='ocr_line' id='line_1_25' title="bbox 61 1970 1542 2036; baseline -0.005 -16"><span class='ocrx_word' id='word_1_163' title='bbox 61 1993 136 2029; x_wconf 87' lang='grc' dir='ltr'><em>τος</em></span> <span class='ocrx_word' id='word_1_164' title='bbox 176 1971 304 2028; x_wconf 79' lang='grc' dir='ltr'><em>οὗτος</em></span> <span class='ocrx_word' id='word_1_165' title='bbox 343 1977 598 2036; x_wconf 75' lang='grc' dir='ltr'><em>ἐνεφαίνετο</em></span> <span class='ocrx_word' id='word_1_166' title='bbox 634 1980 711 2022; x_wconf 87' lang='grc' dir='ltr'><em>καὶ</em></span> <span class='ocrx_word' id='word_1_167' title='bbox 747 1979 796 2021; x_wconf 78' lang='grc' dir='ltr'><em>ἐν</em></span> <span class='ocrx_word' id='word_1_168' title='bbox 832 1980 923 2029; x_wconf 82' lang='grc' dir='ltr'><em>τοῖς</em></span> <span class='ocrx_word' id='word_1_169' title='bbox 950 1971 1146 2033; x_wconf 55' lang='grc' dir='ltr'><em>(Ὴρωσν</em></span> <span class='ocrx_word' id='word_1_170' title='bbox 1197 1973 1289 2016; x_wconf 89' lang='grc' dir='ltr'><em>Καὶ</em></span> <span class='ocrx_word' id='word_1_171' title='bbox 1332 1970 1420 2014; x_wconf 82' lang='grc' dir='ltr'><em>ἀπὸ</em></span> <span class='ocrx_word' id='word_1_172' title='bbox 1463 1971 1542 2024; x_wconf 84' lang='grc' dir='ltr'><em>τῆς</em></span> 
     </span>
    </p>
   </div>
   <div class='ocr_carea' id='block_1_6' title="bbox 60 2046 1615 2107">
    <p class='ocr_par' dir='ltr' id='par_1_6' title="bbox 60 2046 1615 2107">
     <span class='ocr_line' id='line_1_26' title="bbox 60 2046 1615 2107; baseline -0.005 -15"><span class='ocrx_word' id='word_1_173' title='bbox 60 2050 319 2106; x_wconf 70' lang='grc' dir='ltr'><em>Διϊτρεᾳοῦς</em></span> <span class='ocrx_word' id='word_1_174' title='bbox 349 2050 573 2105; x_wconf 77' lang='grc' dir='ltr'><em>τραπέζης,</em></span> <span class='ocrx_word' id='word_1_175' title='bbox 602 2047 643 2092; x_wconf 89' lang='grc' dir='ltr'><em>εἰ</em></span> <span class='ocrx_word' id='word_1_176' title='bbox 668 2051 730 2107; x_wconf 77' lang='grc' dir='ltr'><em>μὴ</em></span> <span class='ocrx_word' id='word_1_177' title='bbox 761 2051 808 2093; x_wconf 79' lang='grc' dir='ltr'><em>ἐν</em></span> <span class='ocrx_word' id='word_1_178' title='bbox 837 2046 1052 2107; x_wconf 73' lang='grc' dir='ltr'><em>εἰρωνείᾳ.</em></span> <span class='ocrx_word' id='word_1_179' title='bbox 1097 2048 1288 2091; x_wconf 84' lang='lat' dir='ltr'><strong>Correxit</strong></span> <span class='ocrx_word' id='word_1_180' title='bbox 1313 2046 1540 2087; x_wconf 81' lang='lat' dir='ltr'><strong>Elmsleius</strong></span> <span class='ocrx_word' id='word_1_181' title='bbox 1611 2094 1615 2095; x_wconf 14' lang='lat'><em>⁷</em></span> 
     </span>
    </p>
   </div>
   <div class='ocr_carea' id='block_1_7' title="bbox 59 2117 1541 2249">
    <p class='ocr_par' dir='ltr' id='par_1_7' title="bbox 59 2117 1541 2249">
     <span class='ocr_line' id='line_1_27' title="bbox 61 2117 1541 2178; baseline -0.005 -15"><span class='ocrx_word' id='word_1_182' title='bbox 61 2122 114 2163; x_wconf 69' lang='lat' dir='ltr'><em>&#39;ad</em></span> <span class='ocrx_word' id='word_1_183' title='bbox 144 2124 338 2164; x_wconf 86' lang='lat' dir='ltr'><strong>Medeam</strong></span> <span class='ocrx_word' id='word_1_184' title='bbox 370 2138 411 2177; x_wconf 87' lang='lat' dir='ltr'><em>p.</em></span> <span class='ocrx_word' id='word_1_185' title='bbox 442 2125 538 2165; x_wconf 83' lang='lat'><strong>139.</strong></span> <span class='ocrx_word' id='word_1_186' title='bbox 609 2126 807 2166; x_wconf 84' lang='lat' dir='ltr'><strong>Fortasse</strong></span> <span class='ocrx_word' id='word_1_187' title='bbox 836 2126 1020 2178; x_wconf 81' lang='lat' dir='ltr'><strong>praestat</strong></span> <span class='ocrx_word' id='word_1_188' title='bbox 1050 2117 1351 2173; x_wconf 80' lang='grc' dir='ltr'><em>Διειτρέφους,</em></span> <span class='ocrx_word' id='word_1_189' title='bbox 1390 2120 1436 2157; x_wconf 88' lang='lat' dir='ltr'><em>ut</em></span> <span class='ocrx_word' id='word_1_190' title='bbox 1477 2119 1541 2156; x_wconf 86' lang='lat' dir='ltr'><em>est</em></span> 
     </span>
     <span class='ocr_line' id='line_1_28' title="bbox 59 2186 1538 2249; baseline -0.005 -16"><span class='ocrx_word' id='word_1_191' title='bbox 59 2193 102 2234; x_wconf 84' lang='lat' dir='ltr'><strong>in</strong></span> <span class='ocrx_word' id='word_1_192' title='bbox 134 2193 324 2248; x_wconf 77' lang='lat' dir='ltr'><strong>inscript.</strong></span> <span class='ocrx_word' id='word_1_193' title='bbox 354 2195 465 2249; x_wconf 86' lang='lat' dir='ltr'><strong>apud</strong></span> <span class='ocrx_word' id='word_1_194' title='bbox 496 2195 679 2238; x_wconf 84' lang='lat' dir='ltr'><strong>Boeckh.</strong></span> <span class='ocrx_word' id='word_1_195' title='bbox 714 2198 760 2239; x_wconf 84' lang='lat' dir='ltr'><em>C.</em></span> <span class='ocrx_word' id='word_1_196' title='bbox 795 2197 828 2237; x_wconf 89' lang='lat'><em>1.</em></span> <span class='ocrx_word' id='word_1_197' title='bbox 858 2195 940 2236; x_wconf 84' lang='lat' dir='ltr'><strong>vol.</strong></span> <span class='ocrx_word' id='word_1_198' title='bbox 973 2194 991 2235; x_wconf 91' lang='lat'><em>1</em></span> <span class='ocrx_word' id='word_1_199' title='bbox 1017 2193 1098 2233; x_wconf 84' lang='lat'><em>151</em></span> <span class='ocrx_word' id='word_1_200' title='bbox 1130 2195 1173 2231; x_wconf 86' lang='lat' dir='ltr'><em>et</em></span> <span class='ocrx_word' id='word_1_201' title='bbox 1202 2190 1286 2229; x_wconf 79' lang='lat'><em>169</em></span> <span class='ocrx_word' id='word_1_202' title='bbox 1316 2188 1440 2229; x_wconf 80' lang='lat' dir='ltr'><strong>col.3</strong></span> <span class='ocrx_word' id='word_1_203' title='bbox 1468 2186 1538 2226; x_wconf 85' lang='lat'><em>48.</em></span> 
     </span>
    </p>
   </div>
   <div class='ocr_carea' id='block_1_8' title="bbox 59 2307 1535 2834">
    <p class='ocr_par' dir='ltr' id='par_1_8' title="bbox 59 2307 1535 2834">
     <span class='ocr_line' id='line_1_29' title="bbox 773 2307 825 2348; baseline -0.019 0"><span class='ocrx_word' id='word_1_204' title='bbox 773 2307 825 2348; x_wconf 84' lang='lat' dir='ltr'><em>V.</em></span> 
     </span>
     <span class='ocr_line' id='line_1_30' title="bbox 176 2379 1269 2444; baseline -0.004 -17"><span class='ocrx_word' id='word_1_205' title='bbox 176 2387 234 2430; x_wconf 88' lang='lat' dir='ltr'><em>A.</em></span> <span class='ocrx_word' id='word_1_206' title='bbox 270 2384 357 2429; x_wconf 85' lang='grc' dir='ltr'><em>Οὐκ</em></span> <span class='ocrx_word' id='word_1_207' title='bbox 385 2383 618 2444; x_wconf 64' lang='grc' dir='ltr'><em>ἠγόρευον,</em></span> <span class='ocrx_word' id='word_1_208' title='bbox 650 2379 778 2437; x_wconf 71' lang='grc' dir='ltr'><em>οὗτός</em></span> <span class='ocrx_word' id='word_1_209' title='bbox 807 2383 901 2428; x_wconf 78' lang='grc' dir='ltr'><em>ἐστ’</em></span> <span class='ocrx_word' id='word_1_210' title='bbox 934 2381 1014 2427; x_wconf 83' lang='grc' dir='ltr'><em>οὐκ</em></span> <span class='ocrx_word' id='word_1_211' title='bbox 1037 2380 1269 2441; x_wconf 86' lang='grc' dir='ltr'><em>Ἀργόλας.</em></span> 
     </span>
     <span class='ocr_line' id='line_1_31' title="bbox 176 2463 1442 2526; baseline -0.002 -14"><span class='ocrx_word' id='word_1_212' title='bbox 176 2470 232 2514; x_wconf 83' lang='grc' dir='ltr'><em>Β.</em></span> <span class='ocrx_word' id='word_1_213' title='bbox 264 2470 349 2513; x_wconf 60' lang='lat' dir='ltr'><em>Mc}</em></span> <span class='ocrx_word' id='word_1_214' title='bbox 377 2469 453 2514; x_wconf 80' lang='grc' dir='ltr'><em>Δί’</em></span> <span class='ocrx_word' id='word_1_215' title='bbox 487 2469 589 2514; x_wconf 85' lang='grc' dir='ltr'><em>οὐδέ</em></span> <span class='ocrx_word' id='word_1_216' title='bbox 617 2470 662 2526; x_wconf 84' lang='grc' dir='ltr'><em>γ’</em></span> <span class='ocrx_word' id='word_1_217' title='bbox 684 2467 874 2524; x_wconf 62' lang='grc' dir='ltr'><em>’Ἕλλην</em></span> <span class='ocrx_word' id='word_1_218' title='bbox 905 2466 1014 2514; x_wconf 80' lang='grc' dir='ltr'><em>ὅσον</em></span> <span class='ocrx_word' id='word_1_219' title='bbox 1043 2468 1190 2525; x_wconf 81' lang='grc' dir='ltr'><em>ἔμοιγε</em></span> <span class='ocrx_word' id='word_1_220' title='bbox 1218 2463 1442 2524; x_wconf 74' lang='grc' dir='ltr'><em>φαίνεται.</em></span> 
     </span>
     <span class='ocr_line' id='line_1_32' title="bbox 174 2559 1534 2627; baseline -0.004 -14"><span class='ocrx_word' id='word_1_221' title='bbox 174 2572 411 2625; x_wconf 85' lang='lat' dir='ltr'><strong>Stephanus</strong></span> <span class='ocrx_word' id='word_1_222' title='bbox 449 2575 549 2626; x_wconf 81' lang='lat' dir='ltr'><strong>Byz.</strong></span> <span class='ocrx_word' id='word_1_223' title='bbox 589 2588 628 2614; x_wconf 82' lang='lat' dir='ltr'><em>v.</em></span> <span class='ocrx_word' id='word_1_224' title='bbox 660 2567 832 2627; x_wconf 80' lang='grc' dir='ltr'><em>”Αργος</em></span> <span class='ocrx_word' id='word_1_225' title='bbox 872 2600 927 2605; x_wconf 90' lang='lat'><em>-</em></span> <span class='ocrx_word' id='word_1_226' title='bbox 967 2570 1138 2624; x_wconf 87' lang='grc' dir='ltr'><em>λέγεται</em></span> <span class='ocrx_word' id='word_1_227' title='bbox 1180 2566 1256 2608; x_wconf 89' lang='grc' dir='ltr'><em>καὶ</em></span> <span class='ocrx_word' id='word_1_228' title='bbox 1297 2559 1534 2619; x_wconf 82' lang='grc' dir='ltr'><em>Ἀργόλας.</em></span> 
     </span>
     <span class='ocr_line' id='line_1_33' title="bbox 59 2630 1535 2698; baseline -0.003 -16"><span class='ocrx_word' id='word_1_229' title='bbox 59 2636 390 2696; x_wconf 72' lang='grc' dir='ltr'><em>Ἀριστοφάνης</em></span> <span class='ocrx_word' id='word_1_230' title='bbox 407 2636 630 2697; x_wconf 59' lang='grc' dir='ltr'><em>(Ὴρωσιν</em></span> <span class='ocrx_word' id='word_1_231' title='bbox 668 2640 756 2683; x_wconf 79' lang='grc' dir='ltr'><em>Οὐκ</em></span> <span class='ocrx_word' id='word_1_232' title='bbox 784 2638 995 2698; x_wconf 86' lang='grc' dir='ltr'><em>ἠγόρευον</em></span> <span class='ocrx_word' id='word_1_233' title='bbox 1023 2638 1114 2681; x_wconf 87' lang='grc' dir='ltr'><em>κτλ.</em></span> <span class='ocrx_word' id='word_1_234' title='bbox 1172 2640 1244 2682; x_wconf 89' lang='lat' dir='ltr'><em>Vs.</em></span> <span class='ocrx_word' id='word_1_235' title='bbox 1275 2637 1297 2676; x_wconf 93' lang='lat'>1</span> <span class='ocrx_word' id='word_1_236' title='bbox 1330 2630 1426 2676; x_wconf 69' lang='grc' dir='ltr'><em>ἐστ’</em></span> <span class='ocrx_word' id='word_1_237' title='bbox 1457 2633 1535 2677; x_wconf 84' lang='grc' dir='ltr'><em>οὐκ</em></span> 
     </span>
     <span class='ocr_line' id='line_1_34' title="bbox 64 2702 1530 2765; baseline 0 -16"><span class='ocrx_word' id='word_1_238' title='bbox 64 2711 305 2754; x_wconf 81' lang='lat' dir='ltr'><strong>Brunckius.</strong></span> <span class='ocrx_word' id='word_1_239' title='bbox 366 2715 502 2765; x_wconf 81' lang='lat' dir='ltr'><strong>Vulgo</strong></span> <span class='ocrx_word' id='word_1_240' title='bbox 533 2711 628 2752; x_wconf 74' lang='grc' dir='ltr'><em>ἐστί.</em></span> <span class='ocrx_word' id='word_1_241' title='bbox 656 2711 700 2764; x_wconf 86' lang='grc' dir='ltr'><em>γ’</em></span> <span class='ocrx_word' id='word_1_242' title='bbox 729 2711 819 2755; x_wconf 73' lang='grc' dir='ltr'><em>οὐκ.</em></span> <span class='ocrx_word' id='word_1_243' title='bbox 851 2740 905 2747; x_wconf 52' lang='grc'><em>»-</em></span> <span class='ocrx_word' id='word_1_244' title='bbox 937 2716 1007 2753; x_wconf 83' lang='lat' dir='ltr'><em>Vs.</em></span> <span class='ocrx_word' id='word_1_245' title='bbox 1039 2713 1066 2751; x_wconf 81' lang='lat'>2</span> <span class='ocrx_word' id='word_1_246' title='bbox 1095 2704 1198 2748; x_wconf 72' lang='grc' dir='ltr'><em>οὐδέ</em></span> <span class='ocrx_word' id='word_1_247' title='bbox 1226 2702 1272 2761; x_wconf 82' lang='grc' dir='ltr'><em>γ’</em></span> <span class='ocrx_word' id='word_1_248' title='bbox 1305 2708 1530 2750; x_wconf 78' lang='lat' dir='ltr'><strong>Seidlerus.</strong></span> 
     </span>
     <span class='ocr_line' id='line_1_35' title="bbox 63 2780 344 2834; baseline 0.004 -14"><span class='ocrx_word' id='word_1_249' title='bbox 63 2780 200 2834; x_wconf 77' lang='lat' dir='ltr'><strong>Vulgo</strong></span> <span class='ocrx_word' id='word_1_250' title='bbox 230 2780 344 2822; x_wconf 71' lang='grc' dir='ltr'><em>οὐδ’.</em></span> 
     </span>
    </p>
   </div>
  </div>
 </body>
</html>
