1716 3164
185 185 206 225 1
214 184 295 225 192
690 179 1101 226 Ams'rornams

187 310 229 349 p.
257 294 339 334 467
369 293 425 332 G:
457 287 592 330 Μισῶ
619 287 822 333 κάκιστον
850 290 1152 348 γραμματικὸν
1181 289 1343 346 ἔκπωμ’
1375 291 1454 338 ἀεί.
1515 299 1636 340 Eius·

189 363 300 405 modi
331 361 536 401 vasculum
568 361 728 402 videtur
758 376 872 411 esse,
906 363 1013 415 quod
1045 364 1214 415 Agyllae
1245 370 1452 416 repertum
1484 369 1636 409 descri-
1701 357 1716 399 ἐκ

189 433 270 485 psit
299 430 470 481 Lepsius
499 431 540 470 in
571 432 714 471 Annai.
748 433 877 472 Instit.
909 433 1126 472 Archaeol.
1160 433 1278 473 Rom.
1298 434 1396 474 vm
1427 449 1464 487 p.
1482 437 1560 476 186
1577 451 1636 490 sq.

188 502 260 542 ubi
287 496 487 538 BIBAB
500 497 615 540 YBE
640 499 942 540 TJFAI'YFE
973 506 1014 541 et
1043 502 1188 542 similia
1219 502 1422 557 leguntur.
1708 489 1716 517 Ξ

839 613 1004 653 LXVII.

437 686 555 745 ’0ρῶ
583 690 664 747 γὰρ
691 690 747 741 ὠς
777 690 960 748 ὄμφακα
992 691 1375 748 διασαυλοὺμενον.

300 775 480 828 Etymol.
512 776 571 816 M.
601 790 639 828 p.
669 779 751 817 270
780 779 858 818 45:
904 775 1301 831 Διασαυλοὺμενος·
1351 774 1641 833 ἁβρυνόμενος

190 843 264 885 καὶ
295 841 694 897 διαθρυπτόμενος,
731 843 851 901 παρὰ
893 845 969 886 τὸν
1006 847 1170 887 σαῦλον
1207 845 1283 887 τὸν
1320 847 1532 902 τρυφερὸν
1568 850 1643 889 καὶ
1712 846 1716 847 ’

191 911 367 967 γαῦρον.
409 937 462 944 —-
499 909 617 969 ‘0905
653 914 741 957 κτλ.
807 913 1143 971 Ἀριστοφάνης.
1210 921 1444 973 Zonaras]
1491 934 1529 972 p.
1559 921 1641 960 539

193 985 337 1025 eadem
368 984 549 1033 exhibet,
590 986 662 1025 sed
693 991 839 1038 poetae
869 989 1033 1029 nomine
1063 989 1231 1036 omisso,
1272 994 1413 1039 estque
1450 989 1505 1027 ibi
1536 1001 1643 1027 σαυ-

192 1049 416 1108 λούμενον.
475 1053 731 1105 Hesychius:
770 1052 1173 1110 Διασαυλούμενον·
1213 1052 1540 1109 διακινούμενον
1569 1057 1643 1097 καὶ

193 1116 538 1177 ἐναβρυνόμενον
567 1116 595 1172 ἢ
625 1119 940 1176 διασειόμενον.

731 1234 917 1276 LXVIII.
976 1235 1121 1276 LXIX.

443 1313 843 1367 Καταντιβολεῖτον
871 1313 1007 1357 αὐτὸν
1036 1313 1400 1366 ὑποπεπτωκότες.

448 1394 730 1450 Ἐκβαίνετον
758 1398 836 1440 τὸν
866 1401 1031 1456 πατέρα
1060 1401 1148 1450 τοῖς
1178 1398 1403 1454 ὀρχήμασι.

307 1500 486 1553 Etymol.
517 1501 578 1541 M.
608 1513 648 1555 p.
679 1502 762 1540 280
792 1503 869 1541 28:
908 1495 1142 1541 Διώκετον·
1184 1495 1249 1541 ὅτι
1282 1501 1324 1540 οἱ
1350 1497 1547 1543 Ἀττικοὶ
1574 1506 1648 1546 καὶ

197 1567 244 1610 ἔν
274 1567 363 1618 τοῖς
392 1567 507 1621 τρισὶ
545 1564 790 1622 προσώποις
827 1569 912 1608 τῶν
951 1569 1106 1611 δυϊκαῖν
1145 1573 1233 1618 τοῖς
1261 1569 1423 1619 δυϊκοῖς
1446 1573 1647 1628 χρῶνται,

204 1637 262 1687 ὠς
290 1633 617 1691 Ἀριστοφάνης
644 1637 1043 1690 Καταντιβολεῖτον
1070 1639 1159 1681 κτλ.
1219 1643 1383 1682 Seiunxi
1411 1644 1526 1694 haec,
1557 1651 1650 1687 sunt

202 1709 310 1749 enim
340 1720 508 1762 prorsus
540 1709 698 1748 diversa
727 1709 978 1763 fssagmenta,
1008 1713 1115 1761 quod
1146 1713 1251 1764 fugit
1281 1714 1529 1754 Dindorflum
1547 1744 1557 1764 ‚
1581 1718 1649 1769 qui

202 1777 448 1830 comparavit
477 1778 601 1830 vesp.
631 1791 668 1818 v.
699 1779 794 1826 975,
837 1780 905 1830 qui
941 1780 1056 1820 locus
1094 1795 1260 1833 prorsus
1298 1783 1466 1823 alienus.
1534 1786 1649 1825 Alter

205 1851 345 1902 autem
374 1859 516 1886 versus
547 1847 720 1886 fortasse
752 1848 802 1886 de
827 1850 986 1888 Can-cini
1016 1851 1136 1900 filiis,
1175 1851 1225 1890 de
1257 1853 1401 1903 quibus
1431 1852 1509 1893 vid.
1542 1854 1648 1894 Mei-

206 1916 313 1956 neke
345 1916 362 1955 1
393 1928 433 1968 p.
465 1917 547 1955 515
577 1929 663 1967 sqq.
693 1917 981 1970 intelligendus
1013 1925 1086 1959 est.

875 2029 998 2068 LXX.

428 2103 521 2144 Καὶ
551 2103 636 2144 τῶν
666 2105 770 2162 πρὸς
799 2108 918 2159 εἵλην
948 2105 1118 2164 ἰχθύων
1145 2106 1422 2164 ὠπτημένων.

316 2189 496 2241 Etymol.
527 2191 586 2230 M.
618 2204 657 2243 p.
688 2194 770 2232 298
798 2193 877 2233 53:
910 2191 1037 2243 Εἴλη·
1069 2191 1271 2246 σημαίνει
1300 2193 1378 2245 τὴν
1399 2194 1653 2250 θερμασίαν

206 2254 252 2298 ἐκ
286 2255 364 2296 τοῦ
402 2255 474 2308 ἕλη
514 2257 771 2317 πλεονασμῷ
800 2260 877 2303 τοῦ
907 2277 934 2312 ι,
972 2259 1028 2311 ώς
1067 2261 1185 2318 παρὰ
1217 2259 1531 2320 Ἀριστοφάνει
1559 2267 1653 2309 Καὶ

211 2324 298 2367 τῶν
327 2324 418 2368 κτλ.

863 2409 1008 2450 LXXl.

434 2482 603 2526 Ἴκτινα
632 2484 992 2544 παντόᾳθαλμον
1020 2484 1196 2547 ἅρπαγα
1226 2493 1406 2547 τρέφων.

320 2570 499 2621 Etymol.
531 2571 589 2612 M.
618 2586 658 2624 p.
688 2573 772 2613 47⁰
801 2574 874 2614 34:
918 2570 1105 2614 Ἰκτῖνα·
1144 2601 1199 2611 --
1238 2572 1428 2617 Πλάτων
1464 2574 1509 2615 δὲ
1547 2589 1651 2629 προ-

211 2634 514 2691 παροξυτόνως
554 2638 684 2692 λέγει,
732 2638 790 2689 ὥς
838 2640 958 2698 παρὰ
1005 2639 1319 2699 Ἀριστοφάνει
1355 2641 1523 2684 Ἴκτινα
1561 2645 1650 2689 κτλ,

211 2707 366 2777 Eatiem
396 2708 708 2752 Choeroboscus
737 2713 845 2766 apud
874 2714 1105 2756 Bekkerum
1128 2717 1170 2757 in
1199 2715 1457 2756 annotatione
1486 2716 1536 2757 ad
1551 2717 1652 2772 Ety-
