1716 3164
202 184 309 224 1172
728 179 1135 220 AnisTOPnANts

203 307 290 344 tur,
333 296 377 332 ut
417 292 515 340 dixit
547 292 682 332 Alexis
712 291 816 343 apud
850 291 996 330 Athen.
1029 290 1086 329 ΙΙΙ
1118 304 1160 343 p.
1193 291 1246 330 76
1278 292 1334 330 D:
1376 290 1468 331 Καὶ
1510 288 1551 330 τί
1592 289 1661 330 δεῖ

203 361 338 412 λέγειν
377 357 453 399 ἔθ’
499 358 608 409 ἡιιᾶς
650 357 746 407 τοὺς
787 357 838 397 τά
876 355 973 411 σῦχ’
1012 354 1209 398 ἑκάστοτε
1254 355 1328 397 Ἐν
1371 360 1457 407 τοῖς
1495 357 1654 414 ὑρίχοις

203 429 467 477 πωλοῦντας.
527 433 652 470 Recte
692 443 786 470 vero
827 423 1041 481 νιφόμενοι
1080 430 1255 478 dietum,
1303 431 1489 481 quoniam
1529 431 1648 469 simui

204 503 254 541 ad
284 496 426 552 μύρτα
455 499 646 539 refertur.
678 525 731 532 -—
770 500 839 540 Vs.
872 501 897 539 7
927 488 1018 537 οἶδε
1049 493 1200 546 πηνίκ’
1233 500 1408 551 epitome
1440 503 1481 537 et
1515 500 1656 538 Eusta-

207 571 317 610 thius
348 585 387 622 p.
420 570 501 609 955
533 569 572 608 4.
606 595 655 600 —
688 569 758 609 Vs.
789 569 815 607 8
844 568 1016 607 indicavi
1046 569 1244 615 lacunam.
1275 594 1325 600 —-
1357 569 1427 608 V's.
1451 568 1500 606 11
1531 562 1653 605 τοῦτ’

206 640 454 688 Brnnckius,
486 639 606 689 vulgo
635 635 803 677 τοῦτον.
854 633 1016 690 φύσας]
1046 638 1102 677 ita
1131 638 1315 686 correxi,
1346 637 1467 688 vulgo
1499 631 1659 688 φήσας.

208 706 399 762 φθάσας
437 708 657 747 Elmsleius
707 708 746 746 in
787 707 1025 759 Edinburgh
1067 708 1229 746 Review
1267 707 1346 747 voi.
1387 706 1482 746 xlx
1521 719 1560 757 p.
1591 706 1660 746 89.
1696 707 1702 712 ’

203 774 368 832 χρήσας
399 779 617 817 Porsonus.
655 802 708 808 -—
753 777 820 817 Vs.
855 778 905 815 12
937 774 1022 829 δρῶ
1053 778 1328 816 casaubonus.
1389 776 1498 814 Libri
1529 771 1659 826 δρῶν.

208 843 427 895 Ἀθηνῶν
455 846 704 894 Brunckius,
733 846 854 899 vulgo
881 841 1160 894 Ἀθηναίων.
1220 871 1273 878 —-
1333 847 1399 886 Vs.
1432 845 1485 883 13
1526 844 1662 883 addidi

211 913 253 956 δ’
293 930 341 956 ex
371 916 511 956 codice
538 916 821 954 Laurentiano.
853 941 907 946 —
933 916 1001 956 Vs.
1021 916 1073 955 15
1104 911 1365 966 πεποίηκας]
1397 907 1661 961 πεποιήκασ’

213 988 413 1039 epitome:
460 974 545 1022 εἶτ’
581 979 729 1034 ἐπάγει
774 976 842 1022 ὅτι
879 980 1076 1034 σέβοντες
1125 981 1222 1030 τοὺς
1267 981 1398 1030 θεοὺς
1435 983 1662 1035 Αἴγυπτον

213 1052 358 1094 αὐτῶν
402 1050 481 1101 τὴν
534 1048 662 1092 πόλιν
703 1047 966 1100 πεποιήκασ’
1018 1047 1116 1089 ἀντ’
1164 1049 1390 1100 Ἀθηνῶν.
1462 1053 1660 1106 Respexit

213 1125 323 1164 hunc
365 1124 495 1162 iocum
539 1123 772 1161 Athenaeus
818 1122 912 1162 XIV
952 1135 991 1173 p.
1035 1122 1116 1160 653
1153 1123 1212 1161 F:
1247 1115 1351 1159 “On
1396 1119 1440 1160 δὲ
1482 1121 1527 1160 ἐν
1569 1121 1663 1167 ταῖς
1698 1168 1704 1172 -

212 1187 438 1240 Ἀθήναις
468 1188 670 1239 διηνεκεῖς
699 1179 813 1237 ἦσαν
844 1188 891 1227 αἱ
921 1186 1089 1241 ὀπῶραι
1119 1188 1258 1228 πᾶσαι
1295 1189 1507 1243 μαρτυρεῖ
1538 1186 1664 1242 Ἀρι-

216 1257 437 1314 στοφάνης
466 1258 511 1298 ἐν
531 1252 716 1312 (Ὠραις,
765 1261 833 1298 ubi
864 1260 1042 1311 epitome
1073 1257 1119 1297 ἐν
1148 1254 1312 1313 Εἰρήνῃ
1387 1260 1565 1298 illustrat
1594 1271 1665 1299 au-

217 1337 298 1371 tem
339 1332 405 1370 hic
445 1330 558 1368 locus
598 1341 716 1380 quam
756 1330 928 1367 maxime
972 1329 1200 1368 institutum
1241 1329 1362 1368 totins
1402 1329 1663 1376 comoediae3

217 1405 385 1452 apparet
425 1400 531 1438 enim
569 1410 692 1437 unum
731 1399 905 1449 aliquem
946 1412 993 1436 ex
1030 1399 1203 1449 antiquis
1245 1399 1325 1437 iilis
1365 1398 1440 1436 diis
1478 1396 1587 1447 ioqui
1625 1400 1667 1434 et

218 1481 458 1515 recensere,
497 1471 595 1518 quot
637 1469 741 1505 bona
782 1472 823 1505 et
863 1468 1072 1505 commoda
1114 1469 1153 1506 in
1188 1467 1457 1506 Athenienses
1498 1469 1664 1516 propter

219 1540 433 1590 pietatem,
478 1549 554 1587 qua
599 1537 694 1575 oiim
740 1537 837 1574 deos
870 1536 1091 1584 coluerint,
1138 1538 1378 1576 contulerit:
1422 1536 1662 1581 Minervam,

220 1606 527 1647 Atheniensium
558 1605 799 1656 praesidem,
830 1606 930 1643 haec
961 1605 1098 1644 dicere
1129 1610 1444 1644 consentaneum
1473 1609 1548 1642 est.
1588 1603 1666 1644 Ml-

221 1688 369 1715 nervae
400 1678 534 1712 autem
565 1687 668 1712 unus
699 1687 745 1711 ex
778 1674 938 1712 novitiis
978 1674 1078 1722 diis,
1118 1678 1161 1712 ut
1190 1675 1286 1713 mihi
1317 1675 1478 1725 quidem
1511 1672 1668 1710 videtur

222 1745 428 1791 Sabazius,
458 1743 536 1781 vid.
566 1744 635 1781 Fr.
655 1742 726 1789 ΙΙΙ,
757 1742 907 1793 regerit
937 1742 1160 1793 irridetque
1188 1744 1281 1791 ina,
1317 1756 1421 1794 quae
1451 1753 1667 1780 recensue-

223 1818 286 1852 rat
317 1814 502 1852 Minerva
531 1812 755 1850 commoda.
813 1811 895 1849 Sed
925 1815 1018 1849 nunt
1049 1817 1260 1862 praeterea
1290 1813 1380 1860 alia,
1410 1824 1513 1862 quae
1543 1822 1618 1849 nec
1647 1822 1670 1848 a

225 1883 410 1922 Minerva
441 1894 516 1919 nec
545 1894 567 1919 a
594 1881 764 1920 Sahazio
795 1881 873 1920 dici
904 1882 1244 1933 potuerunt‚sed
1276 1895 1298 1920 a
1328 1881 1479 1930 choro,
1505 1880 1574 1919 cui
1600 1879 1671 1918 tri-

226 1951 292 1990 bui
322 1963 357 1989 v.
387 1951 412 1989 7
441 1953 485 1989 et
515 1950 579 1988 ΙΙ.

927 2034 977 2073 ΙΙ.

1208 2082 1340 2138 Ἐμοὶ

445 2162 674 2222 κράτιστόν
701 2166 820 2208 ἐστιν
847 2163 907 2215 εἰς
934 2166 984 2208 τὸ
1016 2167 1200 2218 Θησεῖον
1230 2168 1422 2222 δραμεῖν,

449 2250 533 2291 ἐκεῖ
559 2245 611 2290 δ’
643 2249 718 2298 ἕως
747 2245 802 2290 ἂν
830 2249 990 2305 πρᾶσιν
1017 2246 1203 2307 εὕρωμεν
1230 2251 1386 2304 μένειν.

343 2362 487 2401 Pollux
514 2363 587 2404 Vll
620 2364 696 2402 13:
719 2356 768 2401 Ὃ
797 2361 841 2402 δὲ
873 2362 913 2402 οἱ
944 2361 1021 2401 νῦν
1050 2376 1161 2417 φασι
1189 2361 1288 2409 τοὺς
1318 2356 1483 2407 οἰκέτας
1511 2357 1673 2413 πρᾶσιν

234 2423 369 2469 αἰτεῖν
400 2428 517 2470 ἔστιν
545 2427 682 2483 εὑρεῖν
712 2429 757 2470 ἐν
793 2433 887 2479 ταῖς
923 2428 1275 2485 Ἀριστοφάνους
1302 2425 1468 2485 ’Ὡραις
1508 2428 1570 2469 Εἴ
1597 2442 1691 2480 μοι’

233 2495 463 2552 κράτιστον
490 2498 580 2539 κτλ.
640 2496 770 2552 Ἰιζιιοὶ
810 2503 993 2554 Τοιψίιιε
1031 2503 1205 2542 Emend.
1237 2504 1291 2543 lv
1330 2517 1368 2554 p.
1398 2502 1493 2541 37⁰.
1559 2499 1671 2538 Idem

237 2570 410 2607 correxit
439 2570 546 2620 quod
576 2571 788 2622 legebatur
816 2563 1002 2622 εὕρωμεν
1038 2570 1209 2623 πρᾶσιν.
1279 2573 1482 2611 Personas
1519 2568 1559 2605 in
1602 2579 1671 2605 an-

237 2638 442 2676 notatione
471 2639 520 2676 ad
551 2640 764 2679 Hecubam
795 2653 829 2679 v.
864 2641 971 2679 1238
1006 2636 1110 2691 ἡμῖν
1147 2636 1376 2692 κράτιστον
1404 2631 1461 2682 εἰς
1492 2662 1543 2668 —-
1574 2637 1669 2675 scri-

237 2706 330 2756 psit,
357 2710 402 2744 ut
432 2706 511 2745 dno
542 2708 618 2747 sint
650 2722 802 2747 versus.
