1716 3164
240 187 323 228 91⁰
727 184 1173 227 ARISTOPHANES.

238 297 359 337 huius
389 294 624 336 comoediae
655 295 894 336 didascalia:
925 290 1173 350 Ἕδιὸάχθη
1203 295 1272 336 ἐπὶ
1299 293 1582 351 Εὐθυμένους
1611 294 1687 354 ἱέρ-

233 376 388 418 χοντος
418 365 456 414 *)
492 361 539 402 ἐν
565 360 777 415 Ληναίοις
816 361 889 403 διὰ
918 361 1273 419 Καλλιστράτου·
1311 367 1385 406 καὶ
1419 365 1585 420 πρῶτος
1619 358 1686 419 ἦν,

239 428 431 487 ὃεὺτιρος
466 432 678 485 Κρατῖνος
709 432 1064 486 Χειμαζομίνοις·
1105 429 1156 474 οὐ
1185 430 1372 483 σώζεται.
1428 434 1568 489 τρίτος
1595 433 1687 477 Εἴ-

238 501 364 550 πολις
404 499 692 554 Νουμηυιάις.
759 505 812 545 At
850 515 945 543 vero
983 517 1086 543 anno
1116 504 1143 543 4
1179 504 1359 544 eiusdem
1399 506 1558 558 Olymp.
1594 508 1686 558 ipse

237 572 532 626 Aristophanes
563 585 636 612 suo
667 574 830 613 nomine
860 573 996 612 docuit
1025 573 1223 626 Equites,
1268 574 1347 612 vid.
1379 573 1530 613 didasc.
1566 569 1686 614 Ἐδι-

237 635 388 693 δάχθη
425 639 476 680 τὸ
511 639 658 694 δρᾶμα
701 640 772 681 ἐπὶ
800 639 1123 696 Στρατοκλέους
1157 637 1364 696 ἄρχοντος
1399 637 1593 696 δημοσίᾳ,
1627 637 1687 690 εἰς

235 706 412 760 Λήναια
441 705 508 749 δι’
537 705 675 749 αὐτοῦ
703 708 781 750 τοῦ
807 706 1178 764 Ἀριστοφάνους,
1219 708 1385 764 πρῶτος
1414 709 1554 761 ἐνίκα,
1585 707 1686 751 δεύ-

236 792 359 833 τερος
393 778 605 832 Κρατῖνος
632 774 869 833 Σατύροις,
898 776 1040 832 τρίτος
1070 775 1384 834 Ἀριστομένης
1407 776 1682 834 ’Υλοᾳόροις

237 851 319 890 Sed
352 850 403 888 de
433 850 510 888 hac
539 862 584 888 re
614 849 774 888 dicetur
800 849 918 888 infra.
980 849 1062 888 lam
1094 851 1384 902 Aristophanes
1414 856 1555 903 postea
1584 864 1686 903 quo-

239 932 319 971 que
351 916 558 970 antiquum
594 917 768 957 obtinuit
797 930 950 957 morem
981 918 1190 970 noluitque
1219 919 1308 971 ipse
1336 919 1498 959 fabulae
1532 921 1683 960 docen-

235 988 312 1028 dae
340 988 501 1027 labores
531 988 759 1039 suscipere:
795 987 932 1038 itaque
962 987 1125 1038 Olymp.
1156 987 1249 1027 XCI
1279 988 1305 1027 2
1344 1000 1435 1026 cum
1464 989 1580 1027 Aves
1609 989 1682 1028 do-

244 1061 370 1106 ceret,
400 1068 539 1096 rursus
569 1056 789 1095 Callistrati
818 1068 942 1108 opera
971 1068 1067 1095 usus
1098 1060 1184 1104 est,
1213 1056 1293 1095 vid.
1321 1057 1480 1096 Didasc.
1510 1057 1676 1097 Avium:

229 1121 478 1178 Ἐδιὸάχθη
511 1122 580 1162 ἐπὶ
613 1121 817 1178 Χαβρίου
845 1122 918 1164 διὰ
947 1122 1280 1178 Καλλιστράτου
1309 1123 1354 1163 ἐν
1384 1121 1520 1174 ἄστει,
1550 1119 1598 1171 ὃς
1628 1114 1682 1173 ἦν

233 1191 428 1249 δέύτερος
458 1192 545 1240 τοῖς
564 1189 782 1246 ”Opimum
811 1191 976 1247 πρῶτος
1002 1190 1242 1246 Ἀμειψίας
1271 1192 1550 1245 Κωμασταῖς,
1586 1189 1681 1245 τρί-

233 1277 306 1311 τος
340 1259 552 1315 (Ι)ρὺυιχος
587 1257 875 1317 ΠΙονοτρόπῳ,
914 1268 955 1303 et
983 1276 1123 1303 rursus
1154 1263 1255 1303 alius
1284 1263 1579 1303 Grammaticus
1607 1263 1684 1302 ibi-

233 1335 350 1373 dem:
381 1327 485 1371 Ἐπὶ
520 1329 723 1386 Χαβρίου
753 1329 802 1371 τὸ
832 1329 978 1386 δρᾶμα
1006 1330 1204 1380 καθῆκεν
1230 1326 1290 1380 εἰς
1319 1328 1430 1371 ἄστυ
1460 1328 1533 1370 διὰ
1561 1329 1683 1370 Καλ-

230 1398 474 1455 λιστράτου.
560 1403 747 1453 Denique
799 1414 890 1441 cum
932 1402 1214 1453 Lysis-tratum
1266 1391 1495 1453 scripsisset
1546 1405 1682 1452 poeta,

231 1474 393 1525 Olymp.
425 1471 536 1511 XCII
570 1472 590 1509 1
635 1471 776 1510 itidem
809 1471 919 1510 illam
951 1470 1204 1510 comoediam
1235 1471 1470 1510 Callistrato
1512 1482 1681 1510 conces-

229 1543 295 1591 sit,
326 1541 405 1581 vid.
437 1541 594 1581 Didasc.
621 1534 876 1592 Ἕδιδάχθη
905 1537 975 1577 ἐπὶ
1005 1534 1203 1577 Καλλίου
1227 1532 1437 1590 ἄρχοντος
1466 1536 1544 1577 τοῦ
1570 1534 1681 1590 μετὰ

229 1605 493 1663 Κλεόκριτον
522 1605 746 1662 ἄρξαντος.
776 1602 971 1656 εἰσῆκται
1000 1605 1044 1646 δὲ
1075 1603 1149 1646 διὰ
1170 1602 1512 1659 Καλλιστράτου.
1552 1608 1680 1659 Quin-

229 1694 309 1733 que
337 1681 462 1732 igitur
491 1679 736 1727 comoedias,
766 1677 1054 1726 Daetalenses‚
1084 1676 1350 1728 Babylonios,
1367 1677 1673 1726 Acharnenses,

228 1751 356 1798 Aves,
383 1749 665 1801 Lysistratam
694 1748 967 1788 Callistratum
991 1746 1268 1798 Aristophanis
1298 1746 1460 1785 hortatu
1491 1746 1680 1787 docuisse

228 1824 412 1858 veterum
452 1818 807 1870 grammaticorum
844 1815 1084 1855 auctoritate
1134 1820 1313 1854 constat:
1359 1820 1678 1855 consentaneum

228 1892 364 1928 autem
403 1891 484 1935 est,
522 1887 661 1938 plures
698 1889 911 1938 praeterea
951 1884 1108 1924 fabulas
1147 1885 1461 1936 Aristophaneus
1500 1898 1524 1924 a
1553 1884 1677 1924 Calli-

227 1960 355 1996 strato
396 1956 528 1995 fuisse
564 1956 771 2004 inductas,
810 1954 1137 2006 quandoquidem
1174 1953 1252 1992 hoc
1290 1954 1560 1993 certissimum
1598 1956 1676 2001 est,

226 2023 443 2064 admodum
483 2037 575 2063 raro
604 2025 737 2076 ipsum
767 2023 1083 2075 Aristophanem
1112 2022 1350 2061 comoediae
1379 2022 1589 2062 docendae
1616 2022 1676 2062 la-

223 2094 366 2134 borem
397 2093 585 2133 subiisse.

335 2164 388 2202 At
417 2160 710 2213 Aristophanes
741 2173 821 2200 non
855 2161 990 2200 solum
1011 2160 1301 2207 Callistratum,
1331 2159 1404 2198 sed
1434 2159 1555 2200 etiam
1579 2159 1676 2200 Phi-

222 2230 400 2270 lonidem
430 2231 556 2282 ipsius
586 2230 765 2269 dramata
802 2228 951 2269 docere
989 2229 1128 2277 iussit,
1165 2227 1208 2267 id
1240 2227 1348 2279 quod
1378 2227 1438 2268 illi
1471 2241 1675 2281 gramma-

222 2299 314 2347 tici,
352 2311 524 2350 quorum
564 2300 792 2338 testimonia
831 2311 953 2350 supra
991 2297 1208 2348 adscripsi,
1243 2297 1420 2337 dilucide
1454 2298 1675 2338 affirmant.

224 2368 343 2420 Quod
373 2369 407 2407 si
437 2369 497 2407 illi
515 2368 774 2407 Grammatici
798 2370 894 2408 satis
909 2368 1027 2420 plana
1043 2371 1084 2406 et
1102 2369 1288 2406 accurata
1311 2367 1495 2406 oratione
1511 2371 1676 2406 uteren-

222 2442 309 2487 tur,
340 2450 437 2477 sane
465 2437 561 2477 inde
590 2439 814 2477 conficeres
844 2436 1156 2489 Aristophanem
1186 2435 1413 2475 Philonidis
1443 2448 1568 2488 opera
1594 2435 1677 2476 iam

314 2604 343 2644 ⁸)
369 2605 568 2647 Legendum
594 2611 645 2641 est
666 2605 856 2648 Εὐθύνου,
885 2605 934 2639 ita
965 2605 1057 2639 enim
1091 2606 1274 2640 vocabatur
1302 2603 1428 2638 archon
1459 2603 1547 2637 illius
1577 2602 1672 2656 anni,

221 2662 504 2705 quemadmodum
530 2677 619 2700 nunc
641 2669 773 2701 constat
795 2665 1000 2700 auctoritate
1025 2663 1275 2709 inscriptionis,
1307 2672 1408 2706 quam
1430 2673 1540 2706 nuper
1562 2661 1672 2696 edidit

221 2719 378 2755 Rossius.
