1716 3164
175 171 195 210 l
205 169 284 212 1782
690 174 1046 217 ARISTOPHAN
1054 178 1101 218 IS

886 286 918 325 l.

447 368 642 413 Γυναῖκα
673 367 718 410 δὲ
748 370 968 421 ζητοῦντες
997 370 1160 414 ἐνθάδ’
1189 367 1359 428 ἥκομεν,

450 446 674 511 ἥνιᾳασιν
702 444 814 496 εἶναι
843 453 964 510 παρά
995 470 1056 498 σε.

282 564 513 604 Priscianus
543 565 681 606 XVIII
711 567 790 606 vol.
824 568 861 607 II
891 582 931 620 p.
948 570 1031 608 202
1061 569 1125 609 ed.
1157 569 1321 609 Krehl.:
1352 571 1475 610 Attici
1504 569 1620 624 παρὰ

171 632 220 672 σὲ
248 646 323 686 pro
353 629 472 686 παρὰ
500 629 595 683 σοι’,
634 637 837 686 quomodo
879 642 921 677 et
958 650 1032 677 nos
1069 639 1181 690 apud
1207 644 1262 678 te.
1332 640 1620 692 Aristophanes

171 700 355 754 Ποιηχιι
383 699 600 752 (ΙῙοιήσει
631 705 887 755 Brunckius)
920 706 1112 748 Γυναῖκα
1143 705 1187 745 δὲ
1216 705 1435 755 ζητοῦντες
1466 706 1540 747 ἕνα
1570 705 1620 747 δ’

171 760 292 810 οἷκον
329 771 425 810 νυνὶ
461 770 535 827 ἐᾷς
563 766 637 811 ἵνα
668 767 709 811 εἰ
734 770 853 827 παρά
882 787 944 816 σε.
1009 777 1110 816 Cod.
1141 777 1303 817 Monac,
1332 779 1434 817 haec
1458 779 1620 818 exhibet

171 838 457 880 ΓΥΝΑΙΚΑ
483 840 561 881 ΔΕ
587 842 626 881 Ζ
644 841 972 883 ΗΊὈΙΝΤΕΟ
994 843 1124 883 ENA
1146 843 1619 885 ΔΕΘΙΚΟΜΝΝΗΝ

170 907 367 949 EAGJN
402 908 582 949 ΕΙΝΑΙ
621 909 803 951 ΠΑΡΑ
850 912 929 954 GE.
1004 916 1118 965 Quae
1155 917 1331 955 correxit
1361 929 1410 955 ex
1439 916 1617 956 alio-co-

171 979 264 1020 dice
293 979 542 1029 Dindorfius‚
572 980 650 1022 nisi
678 981 789 1023 forte
812 979 1078 1032 ἐξαιτοῦντες
1106 984 1324 1037 legendum
1355 989 1428 1025 est.

532 1201 1250 1245 ΠΟΛΥΙΛΟΣ.

278 1323 559 1373 Grammatici‚
601 1325 671 1376 qui
713 1326 836 1367 huius
865 1326 1104 1368 comoediae
1147 1328 1389 1368 auctoritate
1431 1330 1613 1376 utuntur,

167 1391 290 1432 modo
329 1388 569 1443 Πολύϊδος,
614 1395 735 1435 modo
779 1391 1018 1443 Πολύειδος
1065 1397 1278 1436 exhibent:
1329 1402 1369 1437 et
1409 1397 1615 1436 Homerus

167 1463 332 1514 quidem
360 1463 559 1514 producta
588 1465 742 1516 syllaba
771 1478 869 1506 usus
900 1467 998 1506 dixit
1027 1466 1068 1506 in
1100 1467 1227 1507 Iliade
1257 1467 1356 1506 XIII
1388 1466 1490 1505 663:
1514 1453 1614 1503 3PIv

168 1527 215 1569 δέ
243 1542 307 1577 τις
335 1526 559 1584 Εὐχήνωρ,
591 1531 820 1573 Πολυΐδου
846 1530 1027 1587 μάντιος
1057 1530 1173 1583 υἱός,
1207 1539 1247 1575 et
1277 1537 1378 1575 666:
1416 1529 1615 1573 Πολλάκι

166 1594 249 1654 γάρ
284 1598 328 1639 οἱ
363 1596 474 1639 ἔειπε
512 1599 647 1654 γέρων
675 1597 851 1653 ἀγαθὸς
881 1601 1124 1652 Πολύϊδος,
1169 1609 1210 1644 et
1241 1604 1276 1646 V
1307 1606 1390 1644 148
1427 1605 1478 1644 de
1508 1605 1613 1644 Tro-

166 1671 260 1710 iano
290 1671 486 1721 quodam:
531 1668 641 1718 Τοὺς
667 1673 748 1724 μὲν
778 1669 896 1724 ἔασ’,
930 1670 953 1713 ὁ
986 1669 1033 1712 δ’
1057 1669 1267 1724 ”Αβαντα
1296 1668 1505 1727 μετῴχετο
1539 1671 1613 1711 καὶ

165 1734 403 1778 Πολίϊδον.
474 1742 527 1780 At
564 1754 660 1780 vero
701 1744 822 1782 Attici
862 1749 1009 1796 poetae
1041 1756 1204 1795 semper
1239 1749 1426 1795 correpta
1461 1743 1614 1795 syllaba
1663 1757 1665 1759 ·

165 1809 229 1849 usi
259 1822 349 1848 esse
377 1810 590 1858 videntur,
619 1811 742 1862 idque
772 1813 824 1852 de
853 1814 940 1865 ipso
971 1813 1247 1865 Aristophane
1277 1816 1448 1852 testatur
1478 1813 1613 1862 Etym.

163 1878 224 1919 Μ.
254 1878 381 1918 Paris.
412 1880 518 1931 apud
547 1880 813 1922 Valckenaer.
846 1883 969 1923 Diatr.
1003 1884 1143 1934 Eurip.
1175 1897 1213 1935 p.
1238 1884 1342 1922 20⁰:
1373 1876 1611 1926 Πολύϊδος·

162 1939 276 1986 οὕτω
314 1946 387 1986 καὶ
422 1942 722 1997 Ἀπολλώνιος
761 1946 783 1989 ὁ
826 1949 903 1990 τοῦ
932 1947 1185 2004 Ἀρχιβίου,
1223 1951 1295 1990 καὶ
1335 1947 1447 1999 ἔστι,
1489 1946 1611 2002 φησί,

162 2014 417 2068 πολυΐδμων
444 2012 598 2068 μάντις
626 2014 701 2059 ὤν.
751 2012 862 2061 οὕτω
892 2018 937 2058 δὲ
966 2020 1040 2058 καὶ
1070 2017 1119 2059 τὸ
1152 2017 1297 2073 δρᾶμα
1327 2015 1613 2072 ἐπιγράφεται

162 2082 283 2138 παρὰ
309 2081 641 2138 Ἀριστο([άνει’
670 2088 881 2141 μαρτυρεῖ
906 2086 950 2127 δὲ
985 2084 1228 2137 Φιλόξενος.
1278 2087 1350 2127 καὶ
1381 2086 1612 2141 Σοφοκλῆς

161 2151 209 2193 ἒν
247 2149 448 2194 ,Μάντισι
486 2155 770 2196 συνέστειλεν·
807 2152 925 2209 Ὀρῶ
964 2154 1047 2212 πρὸ
1086 2155 1240 2210 χειρῶν
1272 2155 1499 2196 Πολυΐδου
1534 2142 1612 2196 τοῦ

161 2218 366 2277 μάντεως.
423 2224 496 2263 καὶ
526 2221 676 2264 πάλιν·
724 2222 810 2265 Οὐκ
850 2223 969 2266 ἔστιν
1006 2221 1046 2265 εἰ
1071 2224 1129 2279 μὴ
1160 2224 1369 2281 Πολυΐόῳ
1407 2225 1466 2281 τῷ
1506 2226 1610 2266 Κοι-

161 2288 317 2349 ράννῳ,
345 2295 414 2334 ubi
448 2291 669 2347 Κοιράνου
699 2297 957 2337 scribendum
988 2310 1077 2337 esse
1108 2298 1239 2337 docui.
1272 2297 1354 2337 Iam
1385 2302 1429 2337 ut
1454 2298 1611 2337 Aristo-

161 2364 317 2417 phanes
348 2369 388 2403 et
412 2364 652 2416 Sophocles,
683 2367 738 2405 ita
769 2367 888 2405 etiam
913 2367 1129 2418 Euripides
1159 2367 1264 2406 hanc
1292 2367 1465 2406 formam
1494 2379 1605 2406 usur-

161 2446 280 2486 passe
318 2434 544 2473 ccnsendus
589 2440 672 2484 est,
710 2448 949 2487 quamquam
987 2436 1025 2475 in
1065 2437 1312 2487 Euripideae
1352 2448 1513 2487 quoque
1548 2435 1609 2475 fa-

161 2503 283 2542 bulae
312 2503 495 2542 versibus
525 2504 744 2544 afferendis
780 2506 935 2544 variant
973 2500 1238 2557 grammatici.
1312 2506 1394 2544 lam
1434 2505 1608 2544 dubitari

161 2571 301 2622 nequit
330 2571 424 2622 quin
441 2572 735 2625 Aristophanes
765 2573 927 2622 famam,
958 2586 1076 2625 quam
1107 2574 1248 2625 tragici
1278 2574 1480 2626 principes
1509 2586 1607 2624 poe·

160 2643 227 2680 tae
266 2651 341 2678 suo
381 2641 550 2693 quisque
588 2656 703 2683 more
743 2643 1070 2691 illustraverant,
1108 2640 1333 2693 Aeschylus
1363 2643 1404 2680 in
1435 2642 1606 2686 Cressis,

160 2709 201 2749 in
238 2708 408 2750 Vatibus
450 2711 698 2764 Sophocles,
743 2713 785 2751 in
826 2711 999 2765 Polyido
1046 2712 1130 2752 sive
1176 2710 1329 2750 Glauco
1372 2699 1605 2763 Euripides,
