1716 3164
218 208 302 249 814
767 203 1102 247 ΤΗΕΟΡΟΜΡΙ

218 316 264 358 ἐν
296 314 425 357 Φινεῖ
447 309 470 353 ὁ
498 310 821 368 κωμῳδιοποιὸς
856 308 1117 367 Θεόπομπος
1139 311 1323 355 Παῦσαι
1350 311 1541 368 κυβεύων
1569 313 1660 357 κτλ.

219 388 364 428 Latine
394 382 598 424 transtulit
627 382 794 423 Grotius
825 384 1037 436 Excerptis·
1066 397 1106 435 p.
1136 383 1241 424 552:

411 452 570 492 Desine
599 451 834 492 adolescens
863 453 1010 501 aleam,
1041 458 1165 505 atque
1193 455 1239 492 in
1264 459 1470 506 posteram

411 521 586 562 oleribus
617 534 791 563 vescere.
821 522 938 562 alvus
959 522 1172 574 praedura
1202 527 1264 562 est
1294 521 1398 561 tibi.-

413 597 501 632 tum
529 590 780 630 saxatilibus
802 591 989 644 piscibus
1019 596 1105 631 tete
1134 592 1309 631 abstine.

410 660 552 700 villum
574 665 807 712 praetenue
835 661 996 712 confert
1027 660 1084 699 ad
1109 661 1389 713 sapientiam:

412 730 487 769 hoc
515 729 619 778 bibe,
650 735 693 769 et
722 730 889 770 habebit
917 729 1063 770 melias
1089 743 1133 770 se
1158 730 1471 783 patrimonium.

218 799 288 841 Vs.
319 799 340 838 l
374 799 404 838 B
434 793 617 847 κυβεὺον
646 812 695 838 ex
725 799 994 838 correctione.
1034 818 1085 824 —-
1124 799 1194 840 Vs.
1225 800 1252 839 2
1281 791 1484 849 σκληράν.
1515 796 1663 836 Eusta-

217 869 327 908 thius
355 868 405 908 ad
436 868 582 919 Odyss.
614 881 654 920 p.
673 869 779 908 1753
809 869 864 908 23
895 862 1039 919 ξηράν,
1071 887 1125 892 -—
1157 868 1225 909 Vs.
1256 868 1283 907 3
1312 863 1501 906 ἀπέσθιε
1529 865 1660 905 Athe·

217 949 342 977 naeus
371 949 545 988 eumque
578 941 774 988 sequutus
807 937 1044 976 Eustathius
1081 937 1254 989 explicat
1288 934 1350 990 μὴ
1386 932 1526 976 ἔσθιε.
1592 934 1662 975 vi-

216 1006 366 1046 ctorius
396 1010 530 1044 autem
562 1006 656 1045 var.
677 1006 787 1045 Lect.
805 1006 864 1045 111
897 1007 949 1045 13
977 1006 1233 1046 Athenaeum
1255 1007 1513 1059 Theopompi
1544 1016 1662 1057 prae-

217 1079 379 1127 ceptum
418 1087 633 1126 perperam
671 1075 981 1127 interpretatum
1022 1088 1114 1116 esse
1152 1080 1194 1115 et
1223 1070 1459 1115 ἀπεσθίειν
1489 1074 1660 1113 eandem

215 1145 282 1184 hic
311 1156 429 1196 quam
460 1143 609 1194 ubique
639 1144 976 1196 significationem
1006 1144 1158 1184 habere
1187 1146 1410 1185 contendit.
1476 1142 1660 1192 „Provo-

216 1218 281 1254 cat
317 1214 351 1252 is
391 1212 440 1251 ad
472 1213 667 1252 Catonem
711 1213 763 1252 de
792 1213 855 1253 Re
884 1218 985 1253 rust.
1015 1227 1050 1253 c.
1081 1214 1176 1262 158,
1216 1215 1287 1254 ubi
1323 1226 1398 1267 pro
1427 1212 1527 1252 bene
1555 1212 1662 1252 deii-

218 1283 372 1322 cienda
408 1282 501 1320 alvo
531 1281 786 1321 commendat
814 1282 920 1321 inter
949 1282 1027 1322 alia
1064 1282 1286 1334 mytulum‚
1325 1283 1477 1335 piscem
1508 1282 1662 1334 capito·

215 1363 323 1399 nem,
351 1351 608 1401 scorpionem
640 1355 681 1388 et
710 1351 912 1391 cochleas.
957 1351 1031 1392 Cfr
1061 1352 1204 1392 Horat.
1235 1352 1320 1391 Sat.
1351 1352 1390 1391 11
1420 1352 1447 1391 4
1475 1352 1542 1391 27.
1598 1349 1663 1390 Ad

216 1433 319 1471 quae
350 1420 383 1458 si
414 1420 502 1469 quis
536 1425 722 1471 regerat,
763 1420 922 1472 mitylos
968 1425 1009 1459 et
1045 1420 1219 1460 conchas
1265 1434 1344 1460 non
1386 1433 1476 1461 esse
1512 1433 1561 1460 ex
1589 1432 1658 1472 ἕο·

215 1501 315 1529 nere
332 1488 571 1536 saxatilium,
601 1500 696 1526 ecce
713 1500 853 1528 rursus
872 1490 1024 1529 Plinius
1046 1490 1098 1529 H.
1116 1491 1166 1530 N.
1184 1490 1340 1529 XXXII
1371 1491 1396 1529 9
1426 1490 1474 1529 31
1509 1494 1551 1528 et
1565 1489 1659 1528 Dio-

215 1570 319 1597 scor.
339 1557 375 1596 ll
395 1557 448 1596 35
478 1557 528 1595 ad
559 1557 842 1597 emolliendam
873 1559 1005 1598 alvum
1037 1558 1232 1609 optimum
1263 1571 1354 1598 esse
1375 1558 1472 1597 dicit
1490 1558 1661 1609 piscium

215 1627 292 1675 ius,
336 1626 578 1678 praesertim
609 1639 632 1664 e
661 1628 942 1678 scorpionibus
981 1632 1022 1666 et
1061 1627 1188 1667 iulide
1226 1633 1268 1668 et
1304 1626 1550 1667 saxatilibus.
1607 1626 1663 1666 At

215 1701 354 1735 contra
383 1695 491 1734 doct.
509 1695 661 1734 Con-aes
694 1697 744 1735 ad
763 1697 1034 1736 Xenocratem
1064 1696 1116 1735 de
1146 1696 1267 1737 Alim.
1299 1710 1347 1736 ex
1375 1699 1508 1747 aquat.
1525 1695 1663 1747 p.138

214 1764 365 1811 docuit,
412 1776 459 1802 ex
507 1763 775 1805 vetustiorum
817 1766 1068 1805 medicorum
1098 1766 1256 1805 ratione
1298 1765 1489 1804 saxatiles
1526 1764 1661 1816 pisces

214 1834 361 1872 sistere
401 1833 535 1883 potius
572 1833 706 1872 alvum
748 1847 867 1886 quam
911 1835 1067 1874 laxare:
1118 1834 1410 1885 Hippocratem
1453 1838 1566 1872 certe
1610 1832 1663 1872 de

214 1902 361 1942 Affect.
393 1903 499 1952 Opp.
530 1902 595 1941 ed.
624 1915 698 1941 van
730 1903 802 1942 der
831 1904 949 1943 Lind.
981 1904 1018 1943 11
1049 1917 1092 1955 p.
1124 1903 1204 1942 185
1243 1900 1472 1953 πετραίους
1502 1895 1664 1953 ἰχθύας

213 1971 513 2019 commendare,
543 1972 612 2010 ubi
642 1972 797 2010 siccare
822 1973 955 2012 alvum
986 1976 1164 2024 oportet.
1202 1972 1516 2022 Notandumque
1547 1983 1664 2024 prae-

212 2045 347 2089 terea,
389 2053 469 2079 non
501 2040 552 2079 de
581 2040 753 2091 piscium
782 2053 931 2090 carne,
963 2041 1036 2080 sed
1065 2041 1116 2080 de
1144 2041 1235 2080 iure
1266 2053 1314 2079 ex
1343 2040 1522 2092 piscibus
1551 2039 1664 2090 loqui

211 2114 399 2150 auctores
436 2109 477 2149 in
518 2109 761 2148 contrariam
802 2114 957 2161 partem
999 2109 1181 2149 citatos.''
1238 2109 1662 2161 Schweighaeuserus.

210 2179 318 2220 Vera
348 2179 451 2218 haec
481 2190 573 2218 esse
602 2178 817 2226 videntum
861 2184 1102 2230 quamquam
1142 2177 1355 2217 fatendum
1385 2183 1450 2216 est
1478 2176 1661 2231 audacis-

210 2249 312 2288 sime
360 2248 417 2287 ita
462 2247 779 2298 Theopompum
821 2242 1058 2286 ἀπεσθίειν
1098 2247 1245 2286 dixisse
1298 2258 1372 2298 pro
1429 2240 1661 2284 παύεσθαι

210 2313 439 2356 ἐσθίοντα.
470 2316 533 2356 Ex
562 2320 679 2367 parte
709 2319 865 2355 tantum
894 2317 1041 2356 similia
1071 2319 1165 2355 sunt
1195 2308 1658 2366 ἀποπαρθενεύεσθαι,

210 2372 463 2433 ἁπονζηδεΐν,
502 2378 727 2422 &ananau
765 2387 807 2424 et
846 2385 925 2425 alia
960 2397 1063 2437 quae
1085 2383 1250 2435 collegit
1279 2382 1570 2424 Valckenarius
1608 2383 1660 2423 ad

212 2454 422 2495 Theocriti
460 2454 591 2494 Adon.
629 2466 669 2505 p.
699 2454 782 2493 2⁰3
800 2465 835 2492 c.
892 2479 948 2486 -—
1007 2455 1078 2494 Vs.
1106 2453 1134 2492 4
1171 2452 1335 2491 Grotius
1374 2452 1471 2491 Exc.
1509 2465 1548 2503 p.
1578 2452 1658 2491 971

211 2519 471 2574 „eiqfi'ovliav
508 2525 636 2561 mutat
666 2523 929 2562 Casaubonus
958 2525 997 2571 *)
1035 2523 1076 2561 in
1115 2516 1345 2559 εὐκοιλὶαν.
1413 2522 1502 2572 Ego
1542 2521 1661 2559 aliter

212 2604 382 2633 censeoz
413 2590 550 2643 specie
579 2590 702 2631 dandi
732 2591 888 2632 consilii
917 2590 968 2630 ad
994 2590 1264 2630 valetudinem
1296 2589 1402 2628 aliud
1434 2588 1521 2628 dari
1551 2589 1660 2639 quod

302 2746 335 2790 ')
361 2744 476 2779 Voluit
500 2746 711 2788 Scaligerum
735 2747 924 2788 nominare,
951 2750 989 2779 nt
1012 2749 1108 2780 recte
1131 2744 1491 2786 Schweighaeuserus.
