1716 3164
739 156 913 201 ΩΡΛΙ.
1170 188 1174 192 .
1457 164 1567 206 1171

810 339 842 379 l.

171 428 231 472 A.
255 425 398 486 ’Όψει
426 428 473 471 δὲ
498 427 711 485 χειμῶνος
740 427 878 484 μέσου
909 425 1098 482 σικυούς,
1129 415 1303 486 βότρυς,
1331 427 1525 489 ὀπώραν,

170 511 416 572 στεφάνους
447 513 526 556 ἴων
583 517 602 539 *
660 518 679 540 *
737 517 756 538 *
815 510 1044 568 κονιορτὸν
1071 513 1387 571 ἐκτυφλοῦντα.

167 596 300 650 αὑτὸς
327 596 377 641 δ’
409 596 522 656 ἀνὴρ
550 598 690 641 πωλεῖ
712 596 875 654 κίχλας,
909 596 1082 651 ἀπίους,
1114 597 1352 655 σχαδόνας,
1382 597 1528 653 ἐλάας,

171 684 298 738 πῦον,
322 681 466 741 χόρια,
493 680 731 739 χελιδόνια,
764 685 974 738 τέττιγας,
1006 682 1232 740 ἐμβρύεια.

113 772 141 813 5
170 767 340 827 ύριχούς
370 770 396 811 δ
415 766 426 780 ’
460 769 572 819 ἴδοις
603 764 658 811 ἂν
693 767 912 826 νιφόμενα
945 766 1090 812 σύκων
1120 767 1235 826 ὁμοῦ
1262 784 1308 811 τε
1336 765 1498 827 μύρτα.

167 853 318 898 ἔπειτα
347 852 612 905 κολοκύντας
641 851 756 910 ὁμοῦ
783 855 881 904 ταῖς
910 853 1167 910 γογγυλίσιν
1197 853 1395 912 ἀροῦσιν.

163 933 274 982 ὥστ’
306 938 384 982 οὐκ
411 937 479 982 ἔτ’
510 938 652 989 οὐδεὶς
681 930 774 981 οἶδ’
807 937 988 991 ὁπηνίκ’
1021 940 1116 983 ἐστὶ
1145 937 1424 983 τούνιαυτοῦ.

161 1023 220 1068 Β.
278 1030 298 1052 ⁸*
356 1030 375 1051 *
432 1024 641 1080 μέγιστον
670 1021 869 1079 ἀγαθόν,
902 1026 1022 1082 εἴπερ
1054 1024 1147 1069 ἔστι
1182 1023 1252 1068 δι’
1286 1021 1493 1067 ἐνιαυτοῦ

161 1102 268 1151 ὅτου
296 1124 361 1159 τις
389 1109 609 1166 ἐπιθυμεῖ
632 1110 799 1165 λαβεῖν.
844 1111 895 1154 Γ.
925 1109 1062 1153 κακὸν
1090 1113 1172 1165 μὲν
1200 1101 1282 1152 οὖν
1310 1110 1534 1167 μέγιστον.

82 1197 136 1236 10
165 1189 207 1235 εἰ
229 1192 305 1254 μὴ.
325 1192 408 1251 γὰρ
435 1185 515 1248 ἦν,
555 1193 635 1238 οὐκ
663 1191 720 1237 ἂν
748 1193 1008 1252 ἐπεθύμουν
1036 1193 1140 1239 οὐδ’
1173 1192 1231 1238 ἂν
1259 1192 1566 1238 ἐδαπανῶντο.

165 1279 222 1322 Β.
253 1277 331 1334 ἐγώ
365 1279 411 1322 δὲ
441 1278 568 1322 τοῦτ’
601 1278 753 1336 ὀλίγον
777 1278 940 1338 χρόνον
970 1280 1118 1339 φύσας
1148 1280 1399 1339 ἀφειλόμην
1428 1278 1500 1323 ἄν.

162 1365 222 1408 A.
250 1361 415 1420 κίίγωγε
435 1367 532 1416 ταῖς
555 1363 710 1416 ἄλλαις
733 1363 888 1409 πόλεσι
911 1366 1001 1424 δρῶ
1015 1366 1158 1410 ταῦτα
1179 1366 1295 1420 πλὴν
1320 1363 1566 1418 Ἀθηνῶν·

164 1446 336 1501 τούτοις
366 1447 420 1494 δ’
452 1447 636 1509 ὑπάρχει
665 1449 814 1504 ταῦτ’,
844 1451 995 1506 ἐπειδὴ
1026 1451 1128 1503 τοὺς
1147 1451 1285 1503 θεοὺς
1314 1453 1536 1508 σέβουσιν.

164 1535 214 1578 F.
243 1533 503 1580 ἀπέλαυσαν
533 1534 622 1594 ἄρα
651 1537 855 1591 σέβοντες
878 1535 1006 1595 ὑμᾶς,
1032 1535 1091 1588 ὥς
1117 1537 1172 1580 σὺ
1197 1536 1298 1596 τρίς.
1328 1538 1388 1581 Α.
1412 1534 1483 1588 τιὴ
1501 1532 1567 1590 τίς

82 1622 138 1664 15
167 1622 220 1666 Γ.
249 1621 482 1677 ,Αἴγυπτον
510 1620 659 1664 αὐτῶν
674 1620 756 1675 τὴν
785 1620 915 1665 πόλιν
931 1622 1175 1676 πεποίηκας
1205 1621 1304 1665 ἀντ’
1331 1619 1567 1674 Ἀθηνῶν.

190 1759 433 1801 Athenaeus
463 1761 523 1802 IX
551 1774 592 1814 p.
621 1762 706 1803 372
736 1763 803 1803 Βι
839 1758 1071 1814 Χειμῶνος
1103 1758 1150 1801 δὲ
1178 1753 1276 1816 ὥρᾳ
1307 1760 1413 1801 ποτὲ
1443 1757 1570 1800 κολο-

78 1826 246 1870 κυντῶν
282 1826 390 1884 ἡμῖν
430 1829 796 1886 περιενεχθεισῶν
831 1827 991 1880 πάντες
1029 1827 1294 1885 ἐθαύμαζον
1323 1828 1481 1886 νεαρὰς
1509 1820 1570 1870 εἶ-

79 1912 156 1940 ναι
182 1898 450 1955 νομίζοντες,
491 1902 567 1943 καὶ
601 1899 1036 1958 ὑπεμιμνησκόμεθα
1064 1894 1128 1943 ῶν
1166 1902 1213 1943 ἐν
1232 1896 1402 1958 ς’.Ωραις
1431 1897 1456 1942 ὁ
1483 1916 1566 1956 χα-
1623 1902 1625 1909 ’

78 1967 184 2024 ρίεις
220 1967 556 2028 Ἀριστοφάνης
593 1963 714 2014 εἶπεν
751 1971 945 2014 ἐπαινῶν
983 1972 1061 2022 τὰς
1097 1971 1236 2022 καλὰς
1268 1970 1484 2024 Ἀθήνας
1521 1971 1569 2013 ἐν

77 2038 249 2091 τούτοις
269 2038 412 2099 ’Όψει
439 2043 530 2084 κτλ.
593 2047 665 2089 Vs.
697 2048 736 2087 1.
769 2047 796 2087 2
827 2047 966 2088 attulit
995 2047 1240 2087 Eustathius
1270 2060 1311 2099 p.
1343 2045 1428 2087 955
1458 2046 1486 2086 3
1515 2058 1566 2085 ex

77 2114 280 2167 epitome,
317 2116 390 2156 ubi
429 2116 584 2170 legitur
612 2111 802 2165 σικύους.
863 2143 918 2150 -
976 2118 1048 2159 Vs.
1080 2119 1106 2157 2
1148 2117 1268 2157 deest
1298 2116 1480 2169 dipodia.
1512 2140 1568 2146 —-

78 2184 193 2225 Vm}
223 2180 381 2237 αὐτὸς]
415 2199 573 2235 ωυετος
601 2189 734 2229 codex
763 2190 815 2237 A,
844 2189 975 2228 ceteri
1004 2182 1158 2234 ωὐτός.
1192 2212 1247 2219 —
1284 2187 1358 2229 Vs.
1393 2186 1421 2225 4
1452 2181 1566 2224 πῦον

79 2253 268 2295 Dindorf.
298 2257 422 2308 vulgo
453 2252 580 2297 πύον.
635 2252 862 2309 χελιδόνια
893 2258 1104 2297 Porsonus
1134 2258 1176 2296 in
1208 2256 1382 2297 Advers.
1407 2269 1447 2307 p.
1467 2255 1565 2294 109.

79 2325 200 2366 codd.
226 2321 447 2377 χελιδόνα.
479 2351 532 2359 --
565 2327 680 2368 Vs.5
710 2327 835 2379 vulgo
867 2321 1086 2380 ίρισσοὺς.
1146 2325 1289 2366 Codex
1318 2327 1356 2366 A
1385 2319 1565 2378 ύρισούς

80 2395 212 2436 altero
243 2407 271 2435 σ
301 2409 432 2438 eraso.
501 2398 698 2450 Epitome
728 2394 840 2444 ἴδοις
863 2391 931 2435 ’δ’
964 2390 1021 2435 ἂν
1050 2390 1271 2449 νιφόμενα
1311 2388 1423 2434 σύκα
1452 2388 1566 2446 ὁμοῦ

78 2477 122 2503 τε
150 2461 311 2520 μύρτα.
372 2468 584 2508 Porsonus
623 2462 797 2522 ὑριχούς
834 2474 950 2509 recte
991 2467 1196 2515 restituit,
1233 2472 1275 2506 at
1314 2469 1563 2518 anapaestus

8 2547 12 2553 ’·
78 2537 148 2588 qui
188 2538 376 2590 sequitur
415 2536 679 2591 νιφομὲνους
716 2541 886 2580 tolerari
927 2540 1092 2592 nequit,
1132 2549 1269 2589 neque
1308 2537 1407 2576 satis
1448 2540 1565 2576 reete

77 2602 252 2659 μύρτων
281 2603 422 2663 ὑριχοὶ
452 2609 668 2659 dicuntur,
709 2611 852 2663 itaque
891 2611 1038 2664 scripsi
1079 2604 1252 2662 ὑριχοὺς
1283 2604 1310 2645 ὅ
1326 2603 1335 2616 ’
1367 2603 1478 2653 ἴδοις
1508 2599 1566 2644 ἂν

79 2672 362 2730 νιφόμενα
406 2674 552 2719 σύκων
594 2675 707 2734 ὁμοῦ
749 2693 796 2720 τε
839 2677 1049 2734 μύρτα,
1102 2679 1214 2732 quod
1258 2677 1562 2731 quodammodo

79 2745 204 2788 lectio
242 2749 442 2802 epitomes
484 2752 725 2794 coufirmat:
764 2755 882 2794 recte
918 2764 1018 2793 vero
1060 2745 1202 2806 ὑριχοὶ
1241 2745 1387 2789 σύκων
1417 2748 1563 2789 dicun-

1197 2821 1260 2861 74
1277 2821 1296 2842 *
