1716 3158
238 187 320 228 816
793 184 1124 227 ΤΗΕΟΡΟΜΡΙ

348 297 614 350 Harpocratio
645 308 684 348 p.
716 296 796 336 107
826 297 902 336 29:
943 291 1199 346 Καταπλήξ,
1229 292 1253 335 ὁ
1282 296 1464 352 συνεχῶς
1492 299 1679 353 πεπληγ-

235 366 362 421 μένος
391 390 443 397 —-
477 361 733 417 Θεόπομπος
767 362 995 420 Τισαμενῷ
1034 362 1160 405 Ἀλλ’
1189 361 1215 413 ἡ
1245 367 1325 417 μὲν
1352 367 1441 411 κτλ.
1507 371 1675 421 Eadem,

235 437 308 478 sed
337 436 485 475 omisso
515 435 680 475 fabulae
707 435 843 484 titulo,
875 436 1067 488 leguntur
1096 436 1203 487 apud
1223 436 1410 476 Photium
1441 443 1482 478 et
1511 440 1677 480 Suidam

234 519 267 547 s.
297 518 335 545 v.
364 499 604 554 καταπλήξ.
671 505 736 545 Ad
772 505 947 544 eundem
984 505 1119 544 locum
1149 507 1327 557 respexit
1357 506 1571 548 scholiasta
1599 509 1677 548 So-

176 600 187 609 s
231 575 389 628 phoclis
419 575 571 614 Electr.
601 573 652 612 5:
689 570 915 622 καταπλήξ
954 567 977 612 ὁ
1015 571 1198 625 συνεχῶς
1238 571 1544 626 πεπληγμένος.
1603 575 1678 615 καὶ

230 639 457 693 καταπλήξ
493 637 728 682 Εἰλείθυια
765 638 792 691 ἡ
834 637 1000 694 πληγὰς
1036 642 1222 695 συνεχεῖς
1273 639 1445 695 ἔχουσα.
1514 644 1678 684 Monuit

234 714 418 766 Toupius
447 712 620 753 Emend.
653 711 671 752 1
702 724 742 764 p.
772 712 856 751 318
893 724 968 764 pro
998 707 1078 760 τὴν
1106 709 1258 764 τέχνην
1284 726 1426 766 parum
1456 713 1676 765 probabili-

230 786 294 823 ter
322 781 543 822 conficiens
572 778 657 818 τῶν
688 777 842 832 λεχῶν,
882 792 1122 832 quamquam
1159 793 1237 821 uec
1265 778 1345 829 τὴν
1373 780 1524 834 τέχνην
1554 781 1675 822 intel-

227 852 325 905 ligo.
390 851 587 891 Ceterum
626 861 816 902 compara
855 849 983 889 schol.
1024 849 1202 889 Theocr.
1243 849 1281 889 11
1316 851 1394 890 66:
1435 847 1511 889 καὶ
1554 847 1673 903 παρὰ

230 913 472 974 Μενάνδρῳ
499 916 547 957 αἱ
575 916 829 958 κυΐσκουσαι
857 916 1052 969 γυναῖκες
1082 915 1387 958 ἐπικαλοῦνται
1415 916 1495 968 τὴν
1515 914 1672 974 ’Ἀρτε-

226 999 319 1043 μιν,
345 983 547 1038 ἀξιοῦσαι
577 981 830 1039 συγγνώμης
854 981 1115 1043 [τυγχάνειν]
1144 978 1214 1026 ὅτι
1242 983 1580 1041 διεκορήθησαν.

915 1108 988 1147 111.

336 1192 508 1232 Photius
535 1191 632 1230 Lex.
650 1203 689 1242 p.
706 1191 787 1230 329
817 1191 897 1230 21:
924 1184 1187 1236 Ὀλόλους
1218 1184 1316 1235 τούς
1346 1185 1672 1243 δεισιδαίμονας

224 1256 407 1301 ἐκάλουν
446 1258 488 1298 οἱ
526 1254 816 1311 οἰωνιζόμενοι
897 1256 1155 1312 Μένανδρος
1191 1254 1511 1311 Δεισιδαίμονι,
1564 1255 1670 1299 Θεό-

226 1343 395 1384 πομπος
429 1325 657 1384 Τισαμενῷ
684 1327 757 1368 καὶ
788 1322 928 1366 ἄλλοι.

371 1617 746 1659 INCERTARUM
776 1616 1126 1658 FABULARUM
1156 1616 1521 1658 FRAGMENTA.

921 1738 953 1777 Ι.

1002 1811 1093 1866 ’Ὠς
1120 1830 1197 1871 μοι
1227 1815 1368 1858 δοκεῖν

437 1892 550 1941 εἶναι
579 1898 628 1941 τὸ
660 1897 891 1956 πρόθυρον
920 1899 1048 1941 τοῦτο
1078 1896 1435 1954 βασανιστήριον,

435 1981 516 2034 τὴν
545 1981 595 2024 δ’
623 1978 766 2024 οἰκίαν
797 1979 988 2038 ζήτρειον
1017 1978 1044 2033 ἢ
1071 1980 1205 2023 κακὸν
1231 1982 1357 2037 μέγα.

324 2094 506 2146 Etymol.
522 2095 582 2135 M.
608 2096 743 2148 p.411
775 2096 843 2137 33.
874 2090 1105 2149 Ζήτρειονε
1137 2090 1339 2147 σημαίνει
1366 2090 1416 2133 τὸ
1446 2090 1533 2131 τῶν
1558 2087 1664 2132 δού-

212 2158 300 2200 λων
340 2158 657 2217 δεσμωτήριον,
702 2159 837 2216 ἤγουν
878 2161 955 2203 τὸν
996 2159 1198 2217 μύλωνα,
1247 2159 1367 2216 παρὰ
1413 2159 1541 2208 Χίοις
1587 2161 1662 2203 καὶ

209 2225 425 2284 Ἀχαιοῖς·
457 2230 546 2271 ε’κεῖ
568 2229 651 2287 γὰρ
678 2228 959 2286 ἐδεσμεύοντο
989 2231 1032 2272 οἱ
1062 2229 1224 2273 δοῦλοι.
1260 2227 1449 2278 Εὔπολις
1477 2232 1661 2283 (Fragm.

210 2300 289 2340 inc.
319 2301 482 2352 XLVI)
518 2301 594 2341 καὶ
626 2296 883 2355 Θεόπομπος
912 2295 1004 2348 ’Ὡς
1031 2313 1106 2354 μοι
1136 2298 1277 2340 δοκεῖν
1303 2298 1394 2341 κτλ.
1461 2300 1662 2352 Origenes

211 2370 414 2412 scribebat
443 2367 647 2426 ζητρεῖον,
678 2373 787 2413 Orus
815 2367 1018 2425 ζήτρειον.
1075 2371 1126 2413 V.
1156 2370 1335 2424 Etymol.
1366 2370 1425 2411 M.
1456 2370 1484 2410 1.
1506 2370 1534 2410 l.
1562 2369 1641 2414 43.χ

903 2481 957 2520 Π.

427 2556 656 2616 ’.Επίνομεν
681 2559 792 2616 μετὰ
819 2560 959 2602 ταῦτα
1014 2562 1340 2585 *****

432 2641 742 2699 κατακείμενον
770 2637 1061 2700 μαλακώτατ’
1093 2640 1166 2681 ἐπὶ
1194 2636 1407 2695 τρικλινίῳ

438 2726 694 2781 Τελαμῶνος
723 2724 975 2782 οἰμώζοντες
1003 2720 1206 2775 ἀλλήλοις
1232 2720 1355 2777 μέλη.
