1716 3164
211 190 320 230 1186
723 181 1136 226 ARISTOPHANIS

322 297 466 337 Pollux
494 295 571 337 vn
603 295 702 334 143:
749 292 844 334 Τῶν
884 292 928 333 δὲ
958 292 1045 340 τοῖς
1075 292 1306 345 κηπουροῖς
1330 288 1654 348 ὑπηρετούντων

212 359 304 407 ἕστὶ
329 364 403 404 καὶ
432 361 481 403 τὸ
512 359 763 414 κηλιόνειον·
796 360 847 403 οὐ
861 359 997 415 μόνον
1027 357 1357 415 γὰρ’[ῐρὸὃοτος
1383 359 1655 415 μνημονεύει,

212 431 322 474 ἄλλα
350 433 422 473 καὶ
448 428 794 487 Ἀριστοφάνης·
816 426 956 472 ‘'5201'
984 427 1243 470 ἀνακύπτων
1271 430 1345 470 καὶ
1373 428 1658 472 κατακύπτων

213 517 251 544 τ.
282 516 348 556 σχ.
392 497 532 542 εἵνεκα
568 501 646 542 τοῦ
685 501 730 541 δὲ
768 498 1000 551 κηλωνειόυ
1038 496 1126 547 τοῖς
1162 499 1389 553 κηπωροῖς.
1457 503 1510 541 At
1546 503 1657 541 nulla

213 575 277 614 his
314 574 420 612 inest
457 577 549 624 apta
586 573 813 621 sententia,
843 573 981 622 itaque
1017 572 1160 623 scripsi
1197 562 1303 609 ὥστ’
1346 566 1659 608 ἄνακῦπτον

215 641 290 681 καὶ
318 639 678 680 κατακῦπτον
708 635 1020 689 κηλώνειον.
1065 644 1106 679 et
1134 636 1362 687 κηλώνειον
1391 640 1481 680 cod.
1506 641 1555 687 A,
1583 651 1662 686 κη-

216 706 373 750 λώνιον
411 711 499 750 cod.
538 712 741 763 lungerm.
799 711 906 749 idem
944 714 1057 749 recte
1096 708 1185 756 τοῖς
1223 708 1452 762 κηπουροῖς
1482 709 1661 749 exhibet.

216 783 374 822 Deinde
413 780 647 821 Dindorfius
687 772 839 818 οὕνεκα
876 779 1067 818 restituit.
1140 779 1275 818 Verba
1313 782 1446 817 autem
1483 779 1664 829 interpo-

217 852 294 890 sita
323 847 400 888 τοῦ
431 846 648 901 σχήματος
678 842 830 888 οὕνικα
860 846 983 886 τοῦδε
1014 860 1094 887 non
1124 848 1174 886 ad
1197 848 1538 899 comparationem
1570 859 1666 898 per-

218 920 376 967 tinent,
417 919 490 958 sed
530 920 731 966 (liberior
761 920 867 958 enim
899 921 962 957 est
990 917 1183 956 orationis
1222 916 1513 965 conformatio,
1551 923 1594 957 ut
1622 920 1666 959 in

220 988 418 1028 eiusmodi
446 989 545 1028 locis
573 990 664 1028 fieri
694 989 819 1038 solet)
849 987 1040 1040 pertinet,
1070 990 1114 1025 ut
1145 985 1330 1034 coniicio,
1362 985 1412 1025 ad
1435 987 1665 1037 choreutas,

219 1050 382 1108 fuitqu'e
412 1057 491 1096 hoc
519 1057 806 1109 fragmentum,
836 1060 881 1095 ut
910 1055 1097 1103 coniicio,
1127 1067 1176 1093 ex
1207 1055 1451 1095 Danaidibus
1479 1057 1666 1108 petitum.

221 1127 415 1167 Ceterum
451 1131 657 1177 comparat
691 1125 1028 1165 Hemsterhusius
1065 1124 1259 1163 Basilium
1298 1125 1471 1176 Epistol.
1512 1125 1665 1168 anthol.
1702 1116 1708 1127 '

220 1208 262 1247 p.
294 1195 372 1233 11:
414 1190 499 1233 Οὐκ
528 1192 608 1232 ἐῶν
637 1189 860 1232 ἀνανεύων
889 1192 962 1232 καὶ
991 1187 1241 1231 κατανεύειν
1276 1185 1420 1247 ὥσπερ
1449 1192 1505 1234 τὰ
1533 1193 1668 1245 κηλού-

222 1274 315 1302 νειοι
347 1260 445 1310 τοὺς
476 1259 742 1316 ὀφθαλμούς
770 1259 855 1302 τῶν
884 1257 1309 1313 ἀναγιγνωσκόντων.

892 1372 1000 1412 XLI.

336 1455 482 1496 Pollux
511 1457 590 1498 V11
628 1457 733 1496 162:
775 1450 1000 1506 Λεπρᾶν
1037 1448 1296 1507 κεράμιον
1333 1452 1538 1513 ὀξηρὸν
1573 1455 1671 1500 α’ντὶ

226 1522 305 1564 τοῦ
340 1522 485 1577 μυδᾶν
521 1519 851 1578 Ἀριστοφάνης
891 1521 1013 1574 λέγει.
1076 1523 1189 1563 Idem
1220 1525 1297 1567 V11
1327 1527 1432 1567 164:
1469 1524 1696 1587 κεράμιονΝ

229 1590 385 1648 ὀξηρόν
417 1607 464 1633 ex
494 1595 764 1649 Aristophane
794 1595 1001 1634 memorat.

890 1693 1018 1734 XLII.

261 1771 499 1830 Κιρνάντες
528 1771 609 1830 γὰρ
635 1774 715 1825 τὴν
744 1772 873 1816 πόλιν
902 1771 1024 1827 ἡμῶν
1052 1772 1283 1824 κοτύλίζετε
1314 1777 1425 1818 τοῖσι
1454 1780 1668 1833 πένησιν.-

342 1866 487 1905 Pollux
517 1863 593 1905 V11
624 1865 727 1905 195:
765 1861 906 1905 Ἵόιον
936 1861 984 1903 δ’
1018 1859 1072 1903 ἄν
1101 1863 1165 1913 εἴη
1196 1862 1273 1914 (τὸ
1302 1864 1560 1922 κοτυλίζειν)
1594 1871 1679 1911 τῶν

233 1931 311 1974 τὸν
350 1931 470 1973 οὶνον
508 1929 864 1985 πιπρασκόντων·
911 1932 984 1972 καὶ
1029 1930 1295 1987 Φερέκράτης
1332 1938 1412 1988 μὲν
1450 1936 1585 1993 εἴρηκε
1624 1965 1678 1973 -

230 1996 556 2056 Ἀριστοφάνης
595 2000 664 2040 δέ·
705 1996 943 2055 Κιρνάντες
972 2000 1060 2042 κτλ.
1124 2004 1186 2043 Ad
1215 2006 1459 2057 Babylonios
1498 2010 1682 2052 referunt

232 2072 468 2114 Dindorfius
498 2075 539 2110 et
567 2072 837 2119 Fritzschius,
875 2076 920 2111 ut
947 2073 1048 2112 haec
1078 2072 1129 2111 de
1157 2073 1251 2113 viris
1281 2076 1544 2128 popularibus
1575 2079 1683 2122 dicta

233 2142 328 2191 sint,
358 2142 427 2194 qui
456 2141 638 2193 publicas
673 2153 772 2194 opes
802 2145 959 2180 temere
988 2141 1249 2193 profundant.

881 2251 1029 2291 XLIII.

462 2326 548 2370 Οὐκ
577 2320 618 2369 εἶ
642 2328 791 2382 λαβών
821 2329 983 2386 θύραζε
1013 2330 1071 2373 τὰ
1099 2329 1371 2386 ψηφίσματα

456 2413 530 2452 καὶ
559 2410 638 2462 τὴν
667 2409 859 2467 ἀνάγκην
887 2413 927 2463 ἐς
954 2411 1140 2470 κόρακας
1168 2400 1412 2468 ἐντευθενί,·

348 2501 494 2543 Pollux
523 2504 622 2546 V111
652 2505 726 2544 17.
754 2499 897 2544 ’Ένιοι
938 2502 984 2543 δὲ
1012 2502 1180 2544 οἴονται
1212 2506 1285 2546 ’καὶ
1315 2502 1508 2560 ἀνάγκην
1536 2520 1683 2556 σκευος

239 2558 350 2608 εἶναι
379 2568 629 2611 δικαστικὸν
655 2567 851 2621 εἰπόντος
879 2570 1229 2631 Ἀριστοφάνους·
1265 2572 1352 2616 Οὐκ
1380 2567 1423 2615 εἶ
1445 2575 1533 2618 κτλ.
1570 2579 1640 2619 Vs.
1657 2579 1705 2618 l

239 2638 361 2690 vulgo
390 2635 464 2677 οὐκ
494 2637 551 2694 ἴῃ,
581 2644 755 2682 correxit
787 2644 992 2684 Porsonus
1021 2644 1191 2685 Advers.
1221 2658 1261 2697 p.
1292 2647 1387 2687 282.
1443 2670 1496 2678 -
1554 2647 1625 2689 Vs.
1654 2648 1703 2688 2:

238 2706 361 2760 vulgo
389 2704 606 2750 ἐντεῦθεν.
664 2709 888 2753 ἐντευθενὶ
919 2714 1252 2767 langermannus.
