1716 3164
302 136 348 177 Σ
350 136 392 179 Κ
393 135 585 178 ΗΝΑΣ
623 136 673 182 Κ
676 136 717 179 Α
725 137 1135 186 ,ΤΑΛΛΜΒΛΝΟ
1146 141 1302 184 ΥΣΑΙ.
1433 147 1546 190 1143

62 248 86 292 ὁ
114 245 449 304 Ἀριστοφάνης
480 250 577 304 περὶ
607 249 687 291 τοῦ
720 248 959 306 Εὐριπίδου
989 254 1101 308 φησὶ
1129 252 1319 308 Χρῶμαι
1347 254 1430 311 γὰρ
1459 254 1540 298 αὖ-

60 319 140 362 τοῦ
170 318 249 360 τοῦ
278 314 499 374 στόματος
531 319 588 377 τῷ
618 318 882 378 στρογγύλῳ.
942 325 1116 378 Insignis
1145 325 1216 366 hic
1246 332 1310 367 est
1337 329 1467 381 locus,
1496 331 1539 372 in

59 405 140 446 quo
171 397 296 444 poeta
326 397 469 444 aperte
501 393 745 441 confitetur,
775 406 894 433 suum
927 396 1134 446 ingenium
1166 409 1363 450 suamque
1392 401 1538 452 poesin

57 475 139 504 non
170 462 225 502 ita
257 462 485 502 abhorrere
528 463 578 502 ab
611 463 822 515 Euripidis
861 464 1152 515 similitudine,
1189 466 1232 505 id
1264 469 1372 519 quod
1404 470 1538 510 Crati-

57 546 134 573 nus
173 534 214 573 in
249 533 396 586 Pytine
441 533 478 572 ei
519 533 616 572 vitio
664 538 867 582 verterat,
898 534 1082 586 aliosque
1109 541 1324 588 praeterea
1354 540 1536 582 comicos

58 608 214 656 poetas,
245 610 290 643 ut
317 602 509 655 Eupolin,
541 603 665 642 credo
695 603 806 643 idem
839 603 993 644 crimen
1023 605 1064 644 in
1086 606 1406 658 Aristophanem
1437 623 1534 651 con-

55 674 227 722 iecisse,
257 686 392 724 neque
421 673 570 712 iniuria
601 673 660 711 ἰΙΙί
696 673 876 725 quidem.
926 675 1124 716 Ceterum
1155 677 1336 716 arbitror
1365 683 1533 731 poetam

56 745 250 785 continuo
281 744 404 783 etiam
423 743 612 795 Euripidi
643 744 741 782 vitio
773 746 959 794 vertisse,
992 746 1102 797 quod
1119 746 1370 799 Sophoclem
1393 761 1532 790 aemu-

57 816 238 863 laretur,
278 814 537 866 coniicioque
576 814 659 853 huc
698 814 910 866 pertinere
946 815 1048 855 duos
1079 818 1264 857 senarios
1293 819 1402 870 apud
1434 819 1532 860 Dio-

55 899 149 926 nem
183 885 222 924 11
253 898 294 937 p.
325 885 409 924 273
441 883 507 923 ed.
539 883 715 934 Reiske‚
763 897 866 937 quos
895 886 938 927 in
968 886 1080 927 hunc
1110 887 1279 927 modum
1309 889 1531 930 coniunxe-

53 957 130 995 rim
162 967 256 995 cum
287 955 368 994 hoc
398 953 660 1007 fragmento:

166 1021 358 1079 Χρῶμαι
386 1019 471 1077 γὰρ
502 1017 642 1062 αὐτοῦ
671 1019 751 1062 τοῦ
780 1017 1003 1076 στόματος
1031 1022 1092 1079 τῷ
1120 1020 1387 1080 στρογγύλῳ,

163 1092 266 1142 τοὺς
293 1091 398 1141 νοῦς
428 1091 455 1132 δ
472 1089 482 1103 ’
512 1089 747 1149 ἀγοραίους
777 1083 910 1141 ἧττον
941 1087 970 1143 ἢ
993 1089 1147 1142 ’κεῖνος
1175 1093 1289 1135 ποιῶ
1298 1107 1308 1118 ·

166 1161 191 1204 ὁ
222 1159 267 1202 δ’
301 1153 358 1204 αὗ
388 1162 669 1219 Σοφοκλέους
698 1160 776 1202 τοῦ
804 1161 950 1215 μέλιτι
978 1165 1262 1218 κεχρισμένου

162 1227 309 1289 ὥσπερ
337 1232 550 1275 καδίσκου
578 1232 806 1288 περιέλειχε
838 1232 888 1273 τὸ
919 1231 1079 1288 στόμα.

53 1306 133 1346 vid.
165 1307 234 1347 Fr.
266 1307 350 1347 luc.
383 1307 436 1346 11.
508 1307 563 1346 Et
600 1305 779 1345 fortasse
824 1306 949 1348 etiam
980 1308 1031 1349 ad
1061 1307 1169 1348 hanc
1197 1310 1348 1361 poetae
1377 1308 1527 1348 oratio-

51 1389 145 1417 nem
174 1377 385 1430 pertinent
414 1377 485 1418 Fr.
515 1375 595 1416 inc.
628 1376 645 1415 1
676 1379 718 1416 et
748 1375 823 1416 111.

277 1572 372 1613 Καὶ
400 1569 490 1626 μὴν
517 1567 725 1620 ἄκουσον,
752 1558 783 1610 ὦ
818 1566 960 1623 γύναι,
991 1567 1147 1624 θυμοῦ
1176 1567 1279 1624 δίχα

273 1657 349 1697 καὶ
377 1657 525 1711 κρῖνον
555 1653 666 1706 αὐτὴ
696 1653 758 1710 μὴ
789 1651 886 1709 μετ’
919 1651 1193 1710 ὁξυρέγμίας.

31 1812 46 1818 ⁸
166 1761 341 1802 Photius
372 1774 412 1813 p.
443 1761 528 1801 340
567 1762 647 1801 22:
690 1755 998 1812 Ὀξυρέγμεῖν·
1044 1750 1155 1797 ὅταν
1198 1750 1313 1810 μεθ’
1360 1752 1529 1811 ἡμέραν

52 1829 233 1888 έποξίσῃ
273 1827 300 1880 ἡ
341 1827 499 1885 τροφή.
562 1825 897 1884 Ἀριστοφάνης
934 1827 980 1868 έν
1018 1824 1193 1877 Σκηνὰς
1231 1826 1529 1880 καταλαμβα-

52 1899 233 1949 νούσαις
263 1898 343 1950 τὴν
372 1896 630 1953 ὀξυθυμιάν
661 1893 797 1948 οὕτως
829 1896 937 1953 ἔσῃ·
980 1899 1071 1938 Καὶ
1103 1897 1194 1952 μὴν
1221 1896 1312 1939 κτλ.
1371 1898 1530 1938 Refero

53 1975 104 2014 ad
136 1974 310 2014 eandem
339 1977 489 2025 poetae
519 1984 698 2011 causam.
767 1971 828 2010 De
858 1972 985 2010 verbo
1017 1965 1253 2023 ὀξυρε)’μία
1285 1968 1361 2009 cfr.
1393 1968 1529 2021 Phry-

54 2045 219 2086 nichum
261 2043 440 2083 Bekkeri
483 2043 640 2083 Auecd.
674 2042 691 2081 1
723 2055 764 2094 p.
794 2041 851 2080 56
882 2041 962 2080 19:
1003 2036 1267 2094 Ὀξυρεγμία
1306 2038 1383 2079 καὶ
1417 2032 1530 2091 ὀξω-

53 2114 209 2170 ρεγμιά
240 2110 290 2153 τὸ
318 2106 427 2152 αὐτό
455 2110 570 2152 ἐστι·
601 2110 774 2164 λέγεται
804 2106 887 2164 γὰρ
916 2099 1161 2165 ἀμφότερα.

755 2224 826 2264 Vl.

725 2300 861 2344 'AM’
892 2301 1052 2356 ἔχουσα
1085 2304 1275 2355 γαστέρα

362 2386 530 2442 μεστὴν
558 2383 733 2440 βοάκων
762 2383 1027 2440 ἀπεβάδιζον
1057 2386 1219 2427 οἴκαδε.

170 2493 408 2534 Athenaeus
440 2492 515 2533 Vll
547 2505 587 2543 p.
618 2492 701 2531 287
732 2493 791 2532 A:
830 2484 1115 2535 Σπεύσιππος
1155 2484 1200 2525 δὲ
1231 2485 1304 2524 καὶ
1334 2482 1376 2522 οἱ
1406 2479 1532 2521 ἄλλοι

58 2560 258 2604 Ἀττικοὶ
288 2556 467 2614 βόακας.
502 2555 838 2614 Ἀριστοφάνης
856 2555 1032 2607 Σκηνὰς
1061 2545 1552 2608 καταλαμβανούσαις·“

56 2631 189 2673 Ἀλλ’
228 2629 388 2686 ἔχουσα
426 2628 521 2672 κτλ.
588 2631 747 2672 Eadem
789 2631 942 2670 omisso
983 2628 1150 2669 fabulae
1192 2627 1359 2667 nomine
1397 2623 1534 2666 attulit

63 2704 246 2756 Etymol.
278 2704 340 2746 M.
373 2715 413 2755 p.
443 2701 528 2742 218
559 2701 615 2741 3⁰
646 2706 687 2742 et
716 2701 864 2754 partim
896 2701 1080 2741 Zonaras
1111 2698 1129 2738 1
1159 2711 1200 2751 p.
1233 2696 1329 2738 413.
