1716 3164
205 179 289 225 780
765 180 1098 225 STRAT'rlms

207 307 296 336 snm
326 305 406 334 non
437 292 695 345 negaverim,
730 303 975 345 quamquam
1013 289 1145 343 αὐλὸς
1176 297 1243 338 vix
1279 310 1455 352 unquam
1485 298 1538 340 de
1566 310 1655 340 mu.

207 363 326 405 liebri
365 366 482 416 parte
518 361 668 402 dictum
707 362 951 414 reperiatur.
1026 364 1218 405 Ceterum
1262 372 1398 409 utrum
1437 365 1656 421 Λαγίσκα,

207 433 317 485 quod
348 445 398 472 ex
426 431 639 472 Athenaeo
669 435 711 472 et
739 431 1065 485 Harpocratione
1094 436 1247 487 recepi,
1274 439 1425 479 rectius
1454 440 1655 479 scribatur

207 513 258 543 an
285 497 513 554 Λαγίσκη,
544 505 591 541 ut
619 501 744 542 habet
782 503 865 543 vita
895 502 1098 553 Isocratis,
1129 517 1210 544 non
1240 505 1444 547 definiam.
1468 558 1471 559 ⁷
1502 509 1654 549 Forma

206 566 411 623 Λαγίσκα
454 582 552 612 usus
581 575 644 611 est
674 572 797 612 etiam
826 572 969 625 Lysias
998 573 1106 625 apud
1137 575 1287 615 Athen.
1319 588 1360 627 p.
1389 576 1471 615 586
1484 576 1514 617 f.
1552 576 1652 616 Aa-

205 637 333 695 γὶσκη
373 642 526 695 legitur
571 641 613 682 in
655 639 886 695 fragmento
924 644 1220 686 Anaxandridis
1258 645 1409 686 Athen.
1447 657 1488 698 p.
1518 630 1599 686 569
1615 660 1651 688 e.

205 711 393 764 nemque
428 723 490 752 vs.
519 711 546 751 2
588 723 664 764 pro
692 723 745 763 με
775 711 965 754 Isocratis
1005 715 1088 755 vita
1116 715 1240 756 habet
1267 713 1369 767 μέν,
1407 720 1450 756 et
1478 727 1553 768 pro
1583 710 1654 754 εὐ-

205 777 338 821 ναίαν
367 781 522 823 cod.·B
551 774 739 822 εὔνοιαν.

903 866 955 906 11.

477 948 802 1009 ’Υπογάστριον
831 950 1003 995 θύννου
1034 968 1074 994 τι
1103 950 1389 1009 κάκροκώλιον

479 1035 674 1091 δραχμῆς
702 1030 832 1080 ὕειον.

315 1149 550 1191 Athenaeus
581 1150 658 1190 V11
689 1163 729 1202 p.
746 1151 828 1191 302
844 1150 892 1191 d:
922 1147 1161 1190 ἐπαινεῖται
1190 1148 1235 1189 δὲ
1264 1147 1342 1189 τοῦ
1371 1142 1527 1202 ἰχθύος
1555 1141 1649 1187 τού-

202 1231 281 1259 του
309 1215 363 1258 τὰ
393 1213 678 1272 ὑπογάστρια.
713 1245 767 1253 —
806 1215 1020 1273 Στράττις
1051 1214 1305 1275 Ἀταλάντῃ
1339 1213 1652 1273 Ὑπογάστριον

201 1287 292 1332 κτλ.
362 1289 515 1342 Scripsi
553 1301 594 1328 τι
624 1303 699 1342 pro
726 1302 772 1329 τε
802 1304 850 1331 ex
881 1290 937 1330 IX
968 1303 1008 1343 p.
1039 1290 1121 1330 399
1138 1290 1177 1331 d.
1214 1290 1284 1330 ubi
1319 1291 1472 1343 primus
1510 1300 1651 1329 versus

201 1350 350 1400 iterum
381 1359 611 1413 apponitur.

898 1460 971 1501 111.

312 1543 540 1585 Scholiasta
578 1544 784 1597 Aristoph.
822 1544 925 1584 Ran.
958 1544 1056 1583 146:
1100 1541 1210 1590 τινές
1252 1554 1366 1596 φασι
1405 1539 1463 1597 τῷ
1508 1536 1648 1593 σκῶρ

200 1610 374 1668 πρῶτον
401 1610 646 1666 κεχρῆσθαι
673 1609 891 1668 Στράττιν
919 1610 965 1652 ἐν
999 1608 1251 1667 Ἀταλάντῃ
1281 1606 1482 1666 δράματι.
1540 1607 1646 1663 ψεῦ-

200 1681 277 1730 δος
313 1680 380 1721 δέ·
417 1680 562 1738 πολλῷ
597 1680 679 1738 γὰρ
719 1676 897 1737 ὕοι-,ερον
934 1680 1019 1721 τῶν
1045 1677 1288 1735 Βατράχων
1324 1677 1350 1730 ἡ
1392 1674 1647 1728 Ἀταλάντη

199 1749 469 1807 Στράττιδος
498 1749 762 1792 δεδίδακται.
791 1754 946 1794 Eadem
977 1752 1225 1792 fereSuidas
1246 1753 1370 1792 habet
1398 1765 1430 1792 s.
1446 1764 1483 1792 v.
1515 1746 1642 1802 σκῶρ.

200 1824 276 1865 cn·
304 1823 412 1864 nist.
445 1823 535 1864 crit.
561 1837 600 1877 p.
629 1824 726 1865 225.
792 1823 927 1876 Vulgo
957 1822 1147 1863 scribitur
1176 1817 1302 1875 σκῶρ.
1371 1823 1419 1864 V.
1452 1821 1646 1862 Lobeckii

199 1893 333 1935 Pax-al.
363 1906 403 1947 p.
433 1893 502 1933 77.

837 1961 906 2003 1V.
964 1962 1015 2002 V.

309 2044 454 2086 Suidas
484 2045 769 2097 vol.1p.011.
801 2041 1158 2099 διφροφόροιε
1192 2038 1402 2095 Στράττις
1431 2039 1477 2081 ἐν
1501 2037 1645 2081 Ἀτα-

196 2109 389 2161 λάνταις.
440 2140 495 2147 —-
547 2114 774 2154 Scholiasta
802 2115 906 2157 ven.
947 2117 998 2155 ad
1027 2114 1234 2166 Aristoph.
1267 2114 1360 2153 Pac.
1392 2113 1496 2153 347:
1538 2107 1562 2151 ὁ
1599 2109 1645 2151 δὲ

197 2178 393 2237 δεύτερος
440 2181 684 2237 (Phormio)
726 2171 782 2232 ἦν
820 2178 984 2235 κωᾳός·
1040 2183 1258 2236 μέμνηται
1300 2180 1373 2220 καὶ
1418 2176 1644 2234 Στράττις.

194 2249 338 2307 τρίτος
374 2248 545 2306 μοιχός·
577 2250 796 2308 Κρατῖνος
833 2248 1107 2308 ’Λταλάντργ
1162 2251 1364 2305 τέταρτος
1396 2245 1644 2304 Κροτωνιά-

194 2325 272 2372 της
301 2318 496 2377 ἀρχαῖος·
542 2320 761 2375 Κρατῖνος
795 2319 1032 2378 Τροφωνίῳ
1111 2324 1305 2375 Apertum
1338 2327 1401 2362 est
1430 2323 1643 2363 Atalantae

195 2393 432 2434 memoriam
468 2392 518 2432 ad
548 2392 756 2433 Strattidis
786 2405 936 2433 nomen
966 2396 1166 2445 spectare.

803 2513 875 2554 Vl.
933 2513 1024 2554 Vll.

308 2595 539 2647 Hesychius
577 2609 610 2636 s.
641 2610 677 2636 v.
717 2591 1249 2649 Διονυσοκουροπυρώνην.
1306 2593 1382 2634 τὸν
1419 2591 1499 2648 γὰρ
1538 2594 1640 2634 Διο-

196 2660 347 2705 νύσιον
373 2664 528 2717 κουρέα
556 2660 662 2704 ὄντα
692 2663 898 2720 κωμῳδεῖ.
956 2663 1128 2718 κουρεὺς
1148 2662 1202 2714 ,δὲ
1233 2654 1285 2713 ἦν
1313 2661 1419 2718 πρὸς
1446 2659 1641 2715 πάππου,

194 2730 252 2783 ὥς
281 2731 409 2784 δηλοῖ
433 2729 457 2773 ὁ
486 2729 562 2781 τὰς
589 2730 864 2783 Ἀταλάντας
892 2731 1087 2781 συνθείς.
1129 2735 1178 2778 V.
1196 2735 1246 2775 ad
1261 2735 1469 2775 Cratinum
1489 2749 1529 2788 p.
1545 2735 1639 2775 135.
