1716 3164
228 159 337 200 1⁰5⁰
749 157 1104 201 ARISTOPHAN
1112 161 1158 202 {S

218 269 375 310 Nescio
414 272 550 308 autem
580 280 629 307 an
659 267 713 307 de
741 268 896 319 magico
926 268 1062 320 aliquo
1092 271 1239 309 annulo
1278 273 1329 311 sit
1367 284 1523 321 sermo,
1562 285 1662 325 quos

224 341 513 378 commemorat
548 337 637 388 ipse
665 336 957 388 Aristophanes
994 338 1033 376 in
1067 338 1186 377 Pluto
1225 352 1261 378 ν.
1288 341 1391 380 884:
1438 343 1505 381 ubi
1542 344 1662 382 scho-

225 405 363 444 liasta:
404 401 642 444 Δακτύλων
689 403 734 443 δὲ
776 403 852 443 τὸν
895 402 1122 456 λεγόμενον
1169 405 1466 460 φαρμακίτην,
1516 406 1662 450 Εὔπο-

224 471 288 520 λις
315 467 515 520 Βάπταις
538 474 757 550 μέμνηται
792 474 864 512 καὶ
892 470 1150 526 Ἀμειψίας·
1191 470 1214 514 ὁ
1244 472 1292 513 δ’
1322 472 1523 528 Εὔδαμος
1551 493 1663 532 φαρ-

221 538 481 595 μακοπώλης
517 537 545 591 τ’)
583 538 883 595 χρυσοπώὶης,
922 542 1242 596 τετελεσμένους
1285 542 1536 594 δακτυλίους
1577 562 1662 588 πω-

221 610 317 652 λῶν.
377 607 618 665 φιλόσοφος
647 607 693 650 δ’
725 624 779 660 ην
809 611 934 658 οὗτος
962 607 985 650 ὁ
1017 607 1237 665 Εὔδαμος,
1273 614 1482 665 ([υσικούς
1511 615 1661 656 δακτυ-

221 679 339 729 λίους
366 679 503 721 ποιῶν
536 677 643 734 πρὸς
679 677 868 733 δαίμονα
909 681 982 719 καὶ
1019 677 1152 735 ὅᾳεας
1182 682 1254 721 καὶ
1285 680 1337 721 τὰ
1367 685 1548 725 τοιαῦτα
1576 687 1662 728 κτλ.

221 751 309 792 Csr.
337 752 591 803 Antiphanes
621 751 728 802 apud
761 752 907 790 Athen.
942 750 998 789 lll
1033 764 1070 802 p.
1102 752 1182 791 123
1214 754 1261 791 Β.

894 870 1005 909 Vlll.

219 951 341 1007 Πρὸς
369 951 446 993 τὸν
476 953 667 1006 στροᾳέα
696 949 770 1000 τῆς
795 947 967 998 αὐλείας
991 948 1141 1005 σχίνου
1162 952 1355 1007 κεφαλὴν
1375 952 1662 1010 κατορύττειν.

328 1064 494 1105 Suidast
525 1057 726 1109 Αὕλειος·
756 1057 781 1110 ἡ
813 1057 899 1100 ἀπὸ
931 1059 1005 1110 τῆς
1034 1058 1138 1101 ὁδοῦ
1168 1059 1313 1118 πρώτη
1342 1061 1464 1119 θύρα
1495 1064 1569 1115 τῆς
1596 1061 1657 1106 οἰ·

217 1130 326 1180 κίας.
357 1159 411 1166 --
437 1129 760 1185 Ἀριστοφάνης
788 1129 976 1170 Δαναΐσι
1008 1129 1127 1184 Πρὸς
1157 1130 1232 1171 τὸν
1261 1133 1452 1188 στροφέα
1481 1133 1556 1183 τῆς
1583 1131 1660 1174 αὐ-

219 1198 335 1248 λείας
371 1197 512 1253 ἐχίνου
549 1198 737 1254 κεφαλῆς
774 1195 1059 1250 κατορύττειν.
1127 1201 1258 1240 Recte
1302 1203 1499 1244 Kusterus
1527 1217 1658 1258 κεφα-

219 1266 321 1320 λήνε
353 1268 506 1323 ἐχίνου,
537 1270 645 1321 quod
675 1269 827 1308 frustra
857 1268 1041 1308 defendit
1059 1269 1303 1319 Dindoffius,
1334 1272 1541 1312 verissime
1570 1285 1658 1313 cor-

218 1341 322 1380 rexit
351 1339 602 1387 ΜείηεΙείιιε,
641 1338 764 1390 idque
804 1350 881 1390 ego
920 1350 1081 1389 quoque
1122 1340 1396 1388 coniectu-am,
1431 1342 1510 1381 vid.
1540 1343 1660 1382 Com-

216 1413 342 1449 ment.
372 1421 411 1460 p.
428 1408 524 1447 239.
582 1407 744 1446 Scillam
775 1411 909 1445 autem
941 1407 988 1445 ad
1016 1407 1120 1446 mala
1148 1409 1322 1447 arcenda
1349 1409 1389 1447 in
1421 1409 1558 1449 limine
1588 1412 1659 1451 de-

215 1477 302 1517 fodi
330 1477 467 1524 iubet,
497 1476 628 1515 simile
658 1475 753 1527 quid
784 1475 1035 1526 Pythagoras
1063 1476 1143 1515 iam
1173 1477 1406 1528 praecepit,
1445 1478 1524 1518 vid.
1555 1479 1658 1519 Plin.

215 1546 291 1587 XX
310 1546 359 1584 9:
389 1544 671 1596 „Pythagoras
700 1543 853 1582 scillam
885 1544 925 1583 in
955 1544 1094 1583 limine
1124 1557 1285 1596 quoque
1315 1546 1458 1585 ianuae
1487 1559 1658 1599 suspen-

216 1627 301 1655 sam
333 1614 529 1652 malornm
564 1612 947 1652 medicamentorum
978 1612 1187 1652 introitum
1218 1615 1375 1664 pellere
1403 1616 1561 1655 tradit?

906 1733 974 1772 ΙΧ.

669 1810 951 1865 Τραπόμενον
979 1808 1038 1861 εἰς
1066 1812 1235 1869 τοῦψον
1263 1814 1412 1866 λαβεῖν

517 1890 705 1947 ὀσμύλια
735 1896 807 1934 καὶ
835 1895 1036 1949 μαινίδια
1066 1897 1138 1936 καὶ
1168 1895 1363 1945 σηπίδια.

329 1997 470 2036 Pollux
489 1997 616 2035 1176:
648 1995 738 2034 Καὶ
767 1992 953 2047 ὀσμύλια
983 1991 1153 2049 ἰχθύων
1182 2010 1224 2036 τι
1245 1996 1375 2047 γένος,
1405 1992 1429 2045 ἡ
1448 1992 1531 2035 ὑπὸ
1553 1995 1655 2035 πολ-

214 2063 299 2105 λῶν
313 2060 462 2113 ὄζαινα
480 2063 745 2116 καλουμένη·
774 2062 1018 2113 πολύποδος
1034 2063 1080 2104 δέ
1095 2064 1213 2105 ἐστιν
1240 2056 1353 2112 εἶδος
1384 2062 1480 2117 ε”χον
1492 2062 1654 2118 μεταξὺ

215 2133 292 2184 τῆς
333 2132 522 2187 κεᾳαλῆς
564 2134 636 2172 καὶ
679 2132 766 2171 τῶν
810 2132 1055 2173 πλεκτανῶν
1095 2131 1231 2173 αὐλὸν
1265 2131 1452 2180 δυσῶδες
1487 2133 1656 2186 πνεῦμα

215 2200 421 2257 ἀφιέντα·
458 2198 741 2255 Τραπόμενον
773 2230 825 2235 -
845 2201 1043 2252 σηπίδια,
1071 2196 1128 2250 ὥς
1157 2214 1294 2256 φησιν
1317 2198 1656 2256 Ἀριστοφάνης.

217 2275 447 2327 Legebatur
476 2268 727 2323 ὀσμυλιδια,
756 2273 829 2312 sed
858 2277 971 2313 recte
1002 2272 1173 2312 Photius
1206 2284 1246 2324 p.
1277 2270 1358 2311 325
1386 2271 1464 2311 25:
1490 2266 1658 2323 Ὀσμύ-

216 2342 310 2382 λια·
349 2337 531 2393 ἰχθύδια
561 2337 709 2390 εὐτελῆ
781 2337 998 2394 Ὀσμύλια
1027 2340 1101 2380 καὶ
1128 2337 1328 2393 μαινίδια
1357 2339 1431 2379 καὶ
1457 2337 1655 2389 σηπίδια,

217 2412 355 2467 φησὶν
404 2406 746 2463 Ἀριστοφάνης.
822 2413 882 2451 Ex
923 2411 1168 2452 Danaidibus
1210 2413 1344 2449 autem
1387 2410 1489 2448 haee
1528 2410 1654 2461 petita

217 2495 308 2522 esse
344 2481 463 2521 docet
491 2481 642 2521 Athen.
673 2480 747 2521 Vll
779 2493 818 2531 p.
844 2480 925 2519 324
955 2481 1014 2519 B:
1047 2474 1372 2532 Ἀριστοφάνης
1408 2504 1463 2511 —
1499 2475 1572 2516 καὶ
1607 2475 1654 2516 ἐν

219 2547 453 2589 Δαναΐσιν·
496 2544 713 2600 Ὀσμύλια
757 2547 845 2589 κτλ.
919 2550 1026 2589 Olim
1069 2560 1150 2587 non
1193 2552 1305 2587 recte
1344 2547 1394 2586 ad
1432 2546 1652 2586 Daedalum

219 2619 323 2659 haee
364 2619 524 2659 referre
567 2619 698 2667 volui,
737 2618 816 2658 vid.
856 2619 1127 2658 Commentat.
1157 2630 1196 2668 p.
1226 2616 1324 2663 398,
1365 2616 1488 2654 immo
1531 2619 1653 2669 poeta

221 2688 401 2729 Danaum
445 2692 633 2747 tanquam
677 2699 841 2741 parcum
887 2690 1043 2740 patrem
1091 2684 1261 2729 familia·
1314 2684 1545 2738 nuptiarum
1588 2684 1655 2725 (lie
1714 2689 1716 2756 j
