1716 3164
827 301 887 346 Β.

112 409 172 465 βᾶ
201 412 300 452 388.

117 478 390 535 βαδίζεσθαι
420 492 495 534 pro
525 474 720 531 βαδίζειν
749 478 847 518 229.

116 545 503 606 βαλανειόμφαλοι
531 542 691 603 φιάλαι
720 548 791 588 49.

116 616 498 676 βαλλαντιητόμος
526 624 568 660 et
597 609 978 671 βαλλαντιοτόμος
1008 616 1078 657 14.

111 687 379 746 βαλλάντιον
407 697 450 734 et
478 683 723 743 βαλάντιον
752 689 820 730 14.

109 766 232 806 Basta
261 763 390 805 Chius
418 764 518 803 449.

114 827 352 887 βαστάζειν
379 834 613 874 deliberare
643 832 743 872 449.

110 898 283 956 βάπτης
314 909 358 944 et
387 900 562 956 βαπτὴς
592 903 691 944 447.

109 970 316 1028 βασιλεὺς
343 975 387 1015 in
416 974 747 1016 latrunculorum
776 971 876 1013 ludo
906 970 976 1011 43.

108 1047 283 1088 Basilius
314 1047 479 1088 emend.
510 1046 581 1086 53.

108 1113 366 1171 βασκαίνειν
395 1119 423 1160 i.
455 1131 496 1171 q.
526 1114 677 1156 λυπεῖν
706 1115 804 1156 343.

110 1183 358 1242 βασκάνιον
388 1187 513 1229 1185.

112 1260 345 1301 Batrachus
375 1260 492 1300 Orita
521 1259 620 1299 720.

110 1325 354 1384 βατράχοις
382 1322 596 1383 οἰνοχοεῖν
626 1327 890 1383 proverbium
920 1323 1018 1366 283.

113 1402 264 1441 Battus
294 1405 438 1441 auctor
466 1401 669 1442 librorum
699 1398 839 1451 Mopsi
870 1397 923 1437 de
954 1395 1208 1438 divinatione
1238 1394 1364 1436 1229.

106 1471 361 1511 Batusiades
391 1471 500 1524 apud
531 1469 829 1512 Archilochum
857 1467 956 1509 585.

108 1537 355 1594 βδελυγμία
386 1554 484 1582 num
514 1543 557 1582 in
587 1541 739 1595 plurali
769 1539 929 1580 dicatur
956 1536 1054 1579 165.

113 1607 468 1666 βδελυρεύεσθαι
495 1613 594 1653 443.

107 1679 167 1738 βῆ
198 1679 256 1735 βῆ
287 1688 330 1724 et
360 1680 419 1735 βῆ
449 1680 508 1736 βῆ
538 1684 610 1724 4⁰·

110 1748 295 1807 βήρηκες
323 1754 422 1795 888.

109 1825 326 1865 Bendidea
356 1838 471 1866 sacra
500 1826 570 1866 61.

111 1895 266 1936 Bendis
296 1896 365 1956 60.

108 1962 271 2018 βιῶσαι
300 1970 342 2006 et
370 1963 455 2018 βιοῖ
458 1976 531 2006 ναι
561 1966 660 2007 660.

108 2030 304 2090 βλαύτης
333 2049 432 2078 usus
461 2037 677 2078 hominum
708 2037 935 2077 otiosorum
966 2037 1065 2076 398.

108 2105 285 2159 βλέπειν
313 2101 542 2158 ἀπιστίαν,
573 2101 709 2156 σκύτη
741 2112 784 2148 et
813 2107 962 2147 similia
990 2106 1091 2147 557.
1124 2104 1248 2146 1130.

26 2224 36 2231 ,
111 2172 326 2229 βόθυνος.
382 2172 442 2226 εἰς
471 2173 675 2231 βόθυνον
706 2176 820 2218 ἱέναι
848 2179 965 2220 lusus
996 2177 1094 2219 138.

113 2245 276 2302 βορροῦ
304 2250 511 2301 genitivus
539 2250 640 2289 700.

111 2313 325 2371 βότρυχος
354 2331 430 2372 pro
463 2313 705 2372 βόστρυχος
734 2317 834 2359 355.

108 2389 270 2429 Buthus
301 2389 547 2442 Pythionica
580 2390 680 2429 158.

110 2453 293 2510 βούδιον
319 2473 371 2500 an
401 2473 478 2513 pro
509 2455 685 2512 βοίδιον
714 2460 883 2500 atticum
914 2459 969 2499 sit
997 2458 1096 2499 393.

114 2523 306 2581 βρίκελοι
335 2530 434 2570 140.

113 2594 263 2654 βρύειν
293 2603 336 2639 et
365 2595 566 2653 βρυάζειν
596 2601 665 2641 21.

120 2663 295 2723 βρύκειν
324 2667 512 2718 κοπίδας
541 2670 861 2723 proverbialiter
890 2670 1045 2711 dictum
1074 2668 1173 2708 397.

116 2735 277 2792 βρῦτον
306 2741 376 2781 76.

171 2817 337 2854 Comoed.
368 2823 438 2854 ant.
1260 2805 1317 2846 8⁰

1490 150 1603 197 12⁶5
