1716 3158
651 176 1016 220 ΔΑΙΊἈΛΕΙΣ.
1476 184 1583 227 1041

762 293 915 336 XXIV.

207 390 490 443 Harpocratio
517 403 554 431 v.
585 387 867 430 Ναυτοόίκαι
899 414 948 422 —-
980 386 1315 444 ’Λριστοφάνης
1338 390 1584 435 Δαιταλεῦ-

96 470 191 498 σιν·
222 455 438 499 Ἕθέλω
468 455 663 513 βάψας
693 456 827 515 πρὸς
858 456 1200 508 ναυτοδίκας
1230 458 1400 512 ξένην
1427 461 1585 515 ἐξαί-

94 542 249 583 φνης.
309 532 391 571 Pro
422 526 579 583 βάψας
608 532 699 572 cod.
731 532 862 572 Vatic.
895 536 936 571 et
970 532 1186 574 Vratisiav.
1217 528 1424 586 βλάψας,
1456 535 1580 586 male,

92 595 247 652 βάψας
277 606 417 642 tuetur
446 601 709 654 Hesychius:
738 596 962 653 Βάψας·
998 597 1168 649 δεύσας,
1205 599 1411 653 πλεύσας,
1441 597 1471 653 ἢ
1500 601 1583 654 τὴν

91 666 243 719 κώπην
274 666 442 723 βάψας,
476 677 518 711 et
548 672 718 712 Suidas:
750 666 957 724 βάψας·
989 669 1070 721 τὴν
1098 667 1280 722 κώπην,
1310 667 1340 723 ἢ
1371 669 1581 726 πλεύσας,

91 738 243 781 ἐλθών
284 737 392 795 πρὸς
430 737 531 789 τοὺς
571 737 848 792 ναυτοδίκας,
892 737 942 782 οἵ
976 740 1031 781 τά
1073 741 1149 792 τῆς
1182 740 1327 793 ξενίας
1367 740 1580 793 ἐδίκαζον.

91 806 120 861 ἢ
161 808 247 851 άπὸ
286 810 373 851 τῶν
412 807 895 866 ([αρμακοποιούντων·
939 810 1114 865 λέγουσι
1152 810 1237 868 γὰρ
1273 809 1347 854 τό·
1409 809 1582 868 Βάψας

92 877 262 932 ποιήσω
293 881 444 936 μέλαν.
497 884 789 936 Aristophanis
821 898 984 926 versum
1017 898 1098 925 non
1131 885 1406 926 emendarunt
1443 886 1580 928 homi·

90 968 165 996 nes
196 955 321 1004 docti,
353 967 527 1007 quorum
558 954 816 995 coniecturas
847 962 1041 996 recenset
1068 956 1324 997 Fritzschiun
1354 971 1394 1009 p.
1413 957 1496 997 112
1515 969 1578 1010 sq.

89 1026 198 1066 Illud
237 1030 407 1078 apparet
436 1030 602 1078 poetam
645 1025 696 1064 de
726 1026 1034 1079 peregrinitatis
1075 1027 1213 1077 aliqua
1254 1039 1378 1067 causa
1409 1027 1579 1068 dicere:

87 1101 211 1150 atque
240 1096 403 1136 videtur
432 1096 489 1135 ita
519 1095 771 1145 instituisse,
811 1101 857 1136 ut
884 1097 1098 1149 improbus
1128 1097 1239 1136 fliius
1270 1110 1321 1137 eo
1352 1097 1578 1150 impuden-

87 1168 170 1208 tiae
190 1167 528 1220 progrederetur,
558 1172 604 1206 ut
627 1171 788 1219 patrem
818 1167 999 1219 denique
1029 1168 1072 1207 in
1102 1168 1167 1207 ius
1198 1171 1368 1207 vocaret
1398 1180 1579 1220 eumque

88 1238 254 1278 civitate
285 1237 418 1278 Attica
450 1237 611 1289 privare
642 1241 884 1277 conaretur:
916 1238 1051 1278 simile
1081 1239 1366 1289 spectaculum
1397 1238 1576 1281 inPro-

87 1309 247 1362 spaltiis
286 1308 471 1348 exhibuit
506 1307 704 1360 Eupolis,
758 1308 793 1346 si
833 1313 948 1347 recte
991 1309 1171 1357 conieci,
1214 1308 1297 1349 vid.
1339 1309 1575 1349 Comment-

86 1393 128 1432 p.
158 1378 256 1418 357.
315 1379 410 1418 Hoc
441 1379 549 1418 enim
580 1383 705 1431 poeta
736 1379 893 1418 comico
926 1379 1095 1431 dignum
1127 1382 1206 1428 est,
1237 1379 1362 1430 quod,
1393 1379 1576 1420 novitiae

84 1448 327 1501 disciplinae
364 1448 566 1488 nefariam
606 1448 822 1489 audaciam
866 1452 913 1489 ut
941 1449 1205 1498 ostenderet,
1246 1448 1384 1501 ipsum
1425 1462 1578 1502 pareu-

86 1523 172 1559 tem
203 1532 226 1558 a
256 1520 344 1559 filio
375 1519 416 1560 in
446 1519 510 1560 ius
539 1519 630 1572 rapi
658 1518 776 1559 fecit.
834 1518 1058 1560 Fritzscbii
1099 1520 1229 1569 ratio,
1272 1531 1394 1571 quam
1423 1532 1467 1572 p.
1493 1519 1574 1560 121

83 1590 315 1643 proposuit,
345 1603 489 1643 parum
520 1589 759 1643 probabilis.

310 1795 368 1839 El
391 1798 452 1853 μὴ
481 1798 714 1858 μεταλάβῃ
745 1798 1093 1854 τούπίπεμπτον,
1124 1799 1177 1840 κλ
1189 1798 1317 1856 ᾳὲτω.

195 1913 497 1968 Harpocratio:
541 1910 871 1968 Ἐπίπιμπτον,
921 1909 1094 1961 Λυσίας
1135 1939 1187 1946 --
1235 1905 1576 1965 Ἀριστοφάνης

81 1981 403 2024 Δαιταλεῦσιν·
448 1980 507 2026 Εἰ
541 1983 602 2039 μὴ
639 1985 729 2028 κτλ.
798 1986 1007 2026 Brunkius
1037 1978 1065 2033 ἢ
1105 1978 1190 2037 μή,
1231 1983 1344 2036 quod
1382 1981 1576 2035 probavit

81 2054 343 2106 Dindorfius‚
385 2057 597 2098 Porsonus
628 2052 681 2096 οὐ
710 2048 771 2109 μή
807 2061 849 2097 et
879 2057 940 2097 sic
972 2054 1102 2095 edidit
1133 2054 1366 2102 BeMzerus,
1394 2051 1577 2093 fortasse

82 2138 133 2166 ex
162 2126 387 2168 codicibus.
445 2129 633 2182 Respicit
664 2127 839 2168 Photius
870 2141 911 2179 p.
927 2126 1012 2166 597
1044 2125 1067 2164 1
1102 2129 1145 2164 et
1175 2125 1316 2176 Etym.
1337 2123 1398 2164 M.
1430 2135 1471 2175 p.
1487 2121 1575 2161 763

81 2196 163 2236 22:
194 2192 549 2250 τούπίπεμπτον·
579 2197 622 2239 οἱ
652 2194 735 2252 γάρ
764 2194 825 2250 μὴ
850 2189 1178 2250 μεταλαβόντες
1203 2190 1254 2232 τὸ
1282 2191 1304 2232 ε’
1323 2190 1454 2246 μέρος
1482 2186 1575 2228 τῶν

80 2260 250 2319 ψήφων
288 2261 440 2319 ἄτιμοι
475 2257 605 2316 ἦσαν.
668 2270 788 2309 Haec
827 2271 947 2320 pater
987 2267 1040 2306 de
1069 2264 1259 2317 improbo
1296 2264 1408 2312 filio,
1448 2273 1574 2314 quem

81 2340 207 2388 negat
248 2349 372 2377 causa
412 2338 619 2377 victurum
649 2350 767 2378 esse:
807 2337 860 2376 de
890 2348 1051 2388 poena,
1091 2347 1197 2386 quae
1226 2333 1428 2386 improbis
1459 2331 1574 2372 calu-

81 2405 352 2446 mniatoribus
388 2406 655 2455 imminebat,
695 2407 777 2448 vid.
809 2405 1065 2447 Fritzschius
1094 2419 1135 2458 p.
1166 2405 1249 2444 119
1278 2416 1368 2455 sqq.
1405 2405 1448 2441 et
1486 2413 1575 2441 ma-

79 2475 189 2515 xime
219 2476 494 2517 Schoemann.
526 2482 568 2517 et
586 2464 735 2518 Meier*
754 2477 807 2517 de
838 2488 948 2516 cauS.
981 2477 1066 2516 Att.
1098 2489 1140 2528 p.
1156 2475 1241 2515 734
1264 2486 1353 2525 sqq.
1394 2471 1574 2524 Insignis

83 2545 274 2599 inprimis
305 2546 423 2587 loeus
455 2553 518 2588 est
547 2546 806 2601 grammatici
835 2550 932 2599 post
962 2544 1161 2586 Photium
1192 2559 1232 2597 p.
1263 2543 1347 2583 677
1377 2543 1420 2591 7,
1450 2553 1575 2594 quem

79 2615 271 2657 homines
303 2617 415 2657 docti
453 2619 749 2672 neglexerunt:
789 2612 1054 2672 Πρόστιμον
1092 2611 1228 2655 ἔκειτο
1255 2610 1315 2676 τῷ
1343 2607 1405 2664 μὴ
1433 2622 1571 2664 μετα-

83 2681 271 2738 λαβόντι
300 2684 351 2727 τὸ
381 2686 583 2742 πέμπτον
610 2687 741 2744 μέρος
769 2685 859 2728 τῶν
887 2682 1079 2743 ψήφων,
1116 2681 1174 2733 ὥς
1208 2677 1496 2738 Θεόφραστος
1524 2677 1572 2719 ἓν

83 2753 264 2811 πέμπτῳ
311 2757 411 2811 περὶ
459 2754 629 2811 νόμων·
688 2757 736 2800 ἐν
778 2756 824 2798 δὲ
863 2756 955 2805 τοῖς
996 2753 1227 2811 δημοσίοις
1267 2749 1434 2807 ἀγῶσιν
1473 2747 1570 2799 ἐζη-

143 2836 311 2872 Comoed.
342 2842 413 2873 ant.
1246 2825 1304 2863 66
