1716 3164
232 193 342 234 1⁰52
755 192 1109 236 ARISTOPHAN
1118 195 1164 235 ls

903 303 995 344 ΧΠ.

284 379 341 424 '0
366 379 494 437 χορὸς
531 380 579 422 δ’
608 380 773 438 ὠρχεῖτ’
814 380 868 425 ἂν
898 380 1170 438 ἐναψάμενος
1199 381 1385 435 δάπιδας
1420 388 1492 428 καὶ
1534 401 1673 449 στρωη-

998 463 1269 520 ματόδεσμα,
1571 447 1575 454 Ι

287 545 650 602 Διαμασχαλίσας
679 546 814 591 αὑτὸν
832 547 1022 605 σχελίσιν
1040 550 1112 591 καὶ
1130 547 1315 606 ᾳύσκαις
1337 550 1410 590 καὶ
1425 553 1673 607 ῥαφανῖσιν.

343 651 580 691 Athenaeus
610 652 647 690 11
678 665 720 703 p.
748 653 802 691 57
833 654 889 692 A:
924 649 1119 699 Καλλίας
1149 647 1198 690 δ’
1228 649 1300 690 ἐπὶ
1331 648 1407 700 τῆς
1436 650 1676 707 ῥαφανῖδος

231 716 367 771 εἴρηκε
398 716 478 767 τὴν
500 715 721 773 ῥάφανον·
752 720 847 771 περὶ
878 719 983 769 γοῦν
1011 719 1085 770 τῆς
1115 716 1398 774 ἀρχαιότητος
1426 719 1501 770 τῆς
1528 734 1677 775 κωμῳ-

233 784 330 835 δίας
366 783 534 838 διεξιών
577 801 741 842 φησιν·
785 785 962 837 ’Έτνος,
1005 789 1114 844 πῦρ,
1159 787 1425 841 γογγυλίδες,
1473 785 1676 845 ῥάφανοι,

233 855 477 910 δρυπεπεῖς,
520 855 731 912 ἐλατῆρες.
789 851 857 898 ὅτι
894 857 920 897 δ
940 856 950 867 '
983 852 1094 899 οὕτω
1130 856 1206 906 τὰς
1243 858 1491 914 ῥαᾳανῖδας
1526 857 1675 910 εἴρηκε,

232 924 366 975 δῆλον
401 922 724 980 Ἀριστοφάνης
765 927 885 966 ποιεῖ
917 929 1011 982 περὶ
1050 926 1125 977 τῆς
1165 925 1366 977 τοιαύτης
1395 923 1677 982 ἀρχαιότητος

231 992 278 1034 ἐν
307 993 498 1035 Δαναΐσι
534 991 715 1049 γράφων
753 996 827 1035 καὶ
867 993 998 1045 αὐτὸς
1031 997 1105 1037 καὶ
1144 995 1297 1049 λέγων·
1332 993 1388 1037 ‘O
1420 994 1549 1051 χορὸς
1585 995 1674 1036 κτλ.

230 1066 413 1116 Apparet
450 1078 499 1104 ex
536 1066 601 1105 his
630 1067 959 1118 Aristophanem,
987 1067 1162 1108 fortasse
1190 1071 1230 1109 in
1260 1068 1460 1121 parabasi‚
1491 1067 1543 1106 de
1572 1066 1675 1105 anti-

230 1134 447 1186 quissimae
489 1135 723 1175 comoediae
759 1137 874 1175 tenui
912 1138 1047 1188 specie
1083 1137 1308 1188 humilique
1348 1138 1458 1176 cultu
1496 1136 1677 1186 locutum

231 1215 337 1250 esse,
367 1203 436 1242 diu
466 1203 573 1242 enim
603 1204 790 1255 neglecta
821 1209 862 1243 et
892 1211 1095 1246 contemta
1122 1207 1257 1255 iacuit,
1290 1206 1396 1258 quod
1427 1206 1505 1244 iam
1520 1205 1675 1244 Aristo·

230 1271 335 1311 teles
363 1271 461 1310 dicit
491 1272 606 1311 Poet.
637 1284 672 1312 c.
701 1272 752 1311 5.
787 1267 858 1310 H
885 1270 929 1311 δὲ
959 1270 1162 1328 κωμωδιά
1204 1271 1277 1312 διὰ
1312 1272 1361 1313 τό
1391 1273 1449 1325 μὴ
1480 1267 1676 1312 σπουδά-

230 1337 391 1388 ζεσθαι
419 1337 464 1389 ἐξ
491 1334 624 1392 ἀρχῆς
651 1335 815 1379 ἔλαθε·
845 1341 919 1381 καὶ
948 1339 1030 1395 γάρ
1054 1339 1187 1396 χορὸν
1215 1341 1430 1398 κωμῳδων
1458 1338 1542 1396 ὀψέ
1573 1353 1675 1381 ποτε

231 1404 255 1448 ὁ
284 1403 427 1461 ἄρχων
464 1404 642 1457 ἔδωκεν,
680 1403 778 1446 ἀλλ’
809 1407 1042 1450 ἐθελονταὶ
1076 1408 1204 1460 ἦσαν.
1273 1415 1327 1452 Et
1363 1415 1476 1464 prior
1514 1412 1676 1465 quidem

229 1490 373 1519 versus
410 1477 460 1516 ad
499 1478 621 1517 vilem
657 1478 942 1519 choreutarum
981 1481 1136 1520 cultum
1181 1482 1447 1533 habitumque
1486 1481 1674 1533 pertinet,

229 1548 301 1600 qui
331 1546 526 1597 quidquid
555 1546 717 1586 obvium
746 1547 899 1588 factum
928 1550 1163 1599 induebant,
1194 1549 1376 1601 dixitque
1408 1550 1675 1622 Pherecrates

231 1615 471 1667 Crapatallis
501 1615 570 1654 Fr.
601 1615 681 1654 ΙΧ·

281 1678 339 1723 0
363 1679 493 1736 χορὸς
520 1677 569 1721 δ’
602 1678 749 1731 αὐτοῖς
785 1673 894 1736 εἶχεν
934 1682 1121 1735 δάπιδας
1150 1684 1344 1742 ῥυπαρὰς
1374 1685 1446 1726 καὶ
1476 1696 1672 1740 στρωμα-

1001 1751 1206 1808 τόδεσμα.

229 1822 348 1864 Alter
383 1825 519 1862 autem
554 1833 697 1862 versus
733 1834 902 1874 prorsus
942 1828 1083 1877 nequit
1119 1827 1309 1879 intelligi:
1361 1830 1475 1866 recte
1511 1824 1674 1876 quidem

229 1887 582 1943 διαμασχαλίσας
602 1887 753 1929 »αὑτὸν
788 1905 863 1944 per
900 1905 946 1933 se
977 1895 1122 1935 dicitur
1153 1897 1205 1936 de
1234 1897 1462 1944 choreutis,
1499 1894 1570 1946 qui
1604 1905 1674 1932 ru-

230 1962 332 2001 stico
368 1973 483 2001 more
521 1972 663 2000 manus
691 1967 931 2013 prensantes
969 1965 1190 2012 saltabant:
1231 1967 1387 2017 reliqua
1421 1969 1555 2004 autem
1594 1976 1675 2003 non

230 2034 479 2081 congr-nunu
514 2030 651 2080 itaque
679 2042 803 2070 unum
834 2036 903 2071 aut
931 2032 1104 2073 alterum
1134 2046 1294 2074 versum
1325 2034 1522 2073 excidisse
1550 2037 1673 2086 puto:

229 2095 590 2151 Διαμασχαλίσας
630 2093 766 2137 αὑτὸν
823 2129 1674 2143 .............

231 2194 729 2207 ........
786 2163 975 2221 σχελίσιν
1003 2168 1075 2208 καὶ
1104 2166 1290 2225 φύσκαις
1318 2158 1391 2209 καὶ
1422 2168 1675 2224 ῥαφανῖσιν.

230 2236 347 2276 Haec
386 2235 494 2276 enim
534 2235 622 2276 sine
663 2236 786 2277 dubio
823 2238 1041 2279 referenda
1076 2244 1170 2280 sunt
1199 2239 1250 2280 ad
1279 2244 1443 2280 tenuem
1472 2240 1675 2292 vilemque

229 2305 381 2344 victum
410 2304 721 2354 choreutarum,
759 2318 1002 2359 quamquam
1033 2305 1219 2361 σχελίδες
1257 2310 1419 2360 quidem
1450 2310 1572 2349 etiam
1599 2321 1673 2362 po-

230 2379 340 2415 stero
382 2378 571 2425 tempore
613 2375 821 2416 choreutis
864 2378 1194 2430 apponebantur,
1245 2379 1325 2418 vid.
1366 2379 1574 2420 Plutarch.
1620 2378 1672 2418 de

231 2442 336 2495 glor.
373 2442 522 2482 Athen.
561 2455 597 2483 c.
628 2445 676 2484 δε
719 2441 773 2483 Οἱ
809 2443 854 2484 δὲ
892 2446 1073 2500 χορηγοὶ
1110 2447 1198 2494 τοῖς
1228 2447 1452 2499 χορευταῖς
1486 2445 1672 2499 ἐγχέλεια

230 2509 304 2551 καὶ
332 2507 547 2565 θριδάκια
584 2511 659 2550 καὶ
695 2511 893 2561 σκελίδας
929 2515 1001 2554 καὶ
1028 2512 1188 2567 μυελὸν
1218 2515 1535 2568 παρατιθέντες
1563 2511 1672 2554 εὐώ-

227 2591 334 2632 χουν
371 2578 444 2619 ἐπὶ
479 2577 616 2620 πολὺν
651 2578 809 2634 χρόνον
850 2583 1239 2637 φωνασκουμένους
1285 2585 1359 2624 καὶ
1403 2581 1697 2637 τρυφῶντας(

231 2649 425 2690 Ceterum
454 2651 637 2692 existimo
666 2652 717 2692 ad
746 2653 851 2693 hano
878 2653 1057 2695 fabulam
1087 2655 1307 2695 referenda
1333 2666 1424 2693 esse
1455 2667 1526 2703 ea,
1567 2667 1670 2706 quae

234 2717 287 2761 de
315 2718 614 2771 antiquissimae
633 2723 868 2776 tragoediae
888 2725 1147 2779 simplicitate
1168 2736 1218 2766 ex
1229 2723 1501 2777 Aristophane
1512 2723 1671 2778 profert
