1716 3164
163 200 275 245 1064
671 196 1080 240 ARISTOPHANIS

163 311 328 352 fabulae
356 307 567 360 congruit,
608 307 687 348 alia
715 311 852 348 autem
882 319 986 348 nova
1015 310 1057 347 et
1085 306 1243 359 integra
1272 307 1476 356 continet,
1510 318 1616 358 quae

165 380 292 421 totius
330 377 493 416 fabulae
530 376 732 417 rationem
771 377 986 418 commode
1027 377 1244 417 illustrant.
1321 378 1475 418 Verum
1515 375 1617 415 illud

167 450 306 501 potest
342 458 434 485 esse
478 445 667 493 dubium,
703 450 840 486 utrum
878 459 926 486 ea
963 458 1067 497 quae
1103 445 1225 497 periit
1259 444 1395 485 fabula
1425 447 1537 497 prior
1566 457 1617 484 an

169 516 376 569 posterior
405 514 531 554 fuerit
561 515 700 554 editio.
758 516 813 554 Et
843 528 890 554 ea
921 514 1083 565 quidem
1113 513 1276 562 fabula,
1314 526 1416 564 quae
1453 526 1617 553 conser-

169 589 262 624 vata
307 588 390 632 est,
439 583 539 622 mihi
579 595 742 634 semper
782 584 866 622 visa
905 587 967 622 est
1005 583 1135 621 minus
1178 581 1362 634 perfecta
1410 582 1619 633 multoque

172 653 336 693 minore
366 656 453 691 arte
483 655 525 691 et
554 652 688 691 studio
720 652 928 691 elaborata
957 663 1063 698 esse,
1093 663 1211 701 quam
1240 655 1416 699 ceterae,
1446 662 1550 701 quae
1578 647 1621 690 in

171 721 273 761 illud
294 721 444 761 cadunt
459 724 637 772 tempus,
661 721 917 769 comoediae3
950 723 1043 759 sunt
1067 732 1177 768 sane,
1200 732 1302 771 quae
1321 720 1468 759 eximie
1484 719 1622 770 splen-

171 788 295 830 deant
331 791 451 830 etiam
487 790 530 830 iu
569 790 646 829 hac
684 788 923 838 comoedia,
958 793 998 827 at
1038 789 1115 827 alia
1144 801 1312 840 prorsus
1344 789 1498 841 frigent
1529 793 1571 828 et
1599 801 1623 828 a

169 863 319 913 poetae
349 859 514 909 ingenio
545 859 788 898 abhorrent:
820 858 894 897 sed
925 857 976 896 de
992 857 1055 896 his
1084 858 1310 898 accuratius
1339 859 1468 897 dicam
1500 857 1623 900 alias:
1702 875 1704 878 ’

172 930 216 965 et
243 926 467 966 secundum
498 931 653 967 tantum
684 928 859 966 obtinuit
895 925 1032 965 sabula
1068 925 1223 975 locum,
1253 927 1453 978 siquidem
1483 927 1624 978 Eupo-

172 994 238 1044 lis,
267 995 335 1046 qui
349 994 593 1036 Adulatores
624 997 773 1044 docuit,
803 996 935 1047 primo
965 998 1131 1033 ornatus
1161 999 1223 1033 est
1251 996 1421 1046 honore,
1451 1000 1495 1035 ut
1524 995 1624 1047 ipsis

171 1075 336 1115 quoque
364 1064 683 1105 Atheniensibus
714 1066 846 1104 minus
875 1064 1045 1116 probata
1083 1076 1174 1103 esse
1214 1065 1413 1105 videatur.
1482 1066 1536 1103 Et
1574 1064 1624 1102 ab

173 1133 342 1174 aemulis
373 1145 535 1184 quoque
564 1135 697 1185 poetis
728 1133 1023 1184 Aristophanes
1062 1133 1113 1171 ob
1143 1133 1249 1172 hanc
1276 1133 1455 1172 fabulam
1484 1133 1626 1171 irrisus

174 1206 250 1250 est,
282 1202 363 1241 vid.
394 1202 612 1241 scholiasta
643 1202 824 1241 Platonis
854 1215 895 1253 p.
919 1202 997 1239 331
1031 1200 1095 1239 ed.
1127 1201 1309 1241 Bekker:
1341 1198 1628 1256 Κωμῳδεῖται

174 1266 221 1308 δὲ
250 1265 304 1319 (ὁ
336 1263 694 1322 Ἀριστοςιάνης)
736 1263 804 1310 ὅτι
840 1269 914 1309 καὶ
954 1265 1004 1307 τὸ
1040 1266 1115 1318 τῆς
1144 1263 1330 1323 Εἰρήνης
1373 1266 1628 1309 κολοσσικὸν

176 1336 324 1392 ἐξῆρεν
352 1334 544 1390 ἄγαλμα,
574 1335 763 1386 Εὔπολις
791 1333 1050 1392 Αὐτολύκῳ,
1086 1334 1277 1378 Πλάτων
1304 1337 1475 1387 Νίκαις.
1543 1340 1628 1379 Re-

174 1409 452 1461 prehensores
492 1409 586 1448 illos
624 1410 807 1461 priorem
836 1409 1011 1453 ,fabulae
1051 1408 1293 1458 editionem,
1340 1411 1472 1450 minus
1515 1410 1628 1448 illam

176 1477 340 1530 quidem
372 1476 609 1528 {perfectam
656 1482 697 1517 et
739 1479 980 1526 absolutam,
1022 1481 1184 1516 notasse
1223 1491 1298 1530 per
1335 1493 1381 1519 se
1428 1483 1491 1518 est
1529 1478 1627 1518 satis

175 1550 388 1598 apertum:
427 1558 498 1584 eos
529 1550 666 1585 autem
695 1547 948 1586 intellexisse
976 1546 1082 1585 hanc
1110 1547 1261 1598 ipsam,
1299 1560 1419 1599 quam
1455 1560 1628 1599 usurpa-

176 1626 271 1655 mus
299 1614 576 1663 comoediam,
604 1615 692 1667 ipsa
720 1616 791 1654 illa
820 1616 943 1665 verba
973 1615 1201 1654 declarant:
1237 1629 1412 1668 namque
1440 1617 1542 1656 illud
1571 1617 1629 1655 vi-

179 1687 388 1735 tuperant,
419 1684 527 1734 quod
557 1690 679 1735 poeta
708 1685 852 1736 ingens
886 1684 1002 1724 Pacis
1031 1684 1287 1724 simulacrum
1319 1685 1552 1725 excitaverit
1582 1697 1630 1725 ex

175 1753 386 1805 voragine,
415 1752 489 1792 sed
509 1753 722 1792 commodo
744 1753 910 1792 invento
929 1754 988 1792 uti
1018 1752 1256 1793 nesciverit:
1288 1767 1462 1806 namque
1492 1755 1532 1794 in
1559 1766 1630 1794 su-

175 1822 348 1875 perstite
385 1821 547 1870 fabula,
583 1822 654 1862 ubi
694 1822 776 1861 Pax
812 1834 904 1861 cum
950 1822 1088 1874 Opora
1125 1826 1166 1861 et
1197 1823 1377 1863 Theoria
1415 1823 1631 1863 comitibus

177 1891 389 1943 apparuit,
426 1903 560 1942 neque
599 1892 682 1943 agit
712 1892 931 1942 quidquam
962 1903 1095 1942 neque
1126 1891 1247 1941 dicit,
1283 1894 1339 1932 ita
1375 1897 1420 1932 ut
1456 1893 1630 1932 otiosum

176 1971 346 2011 prorsus
385 1964 427 1999 et
467 1960 644 2000 alienum
681 1961 732 1999 sit
762 1961 1015 2012 figmentum.
1069 1961 1212 2012 Longe
1241 1963 1318 2001 alia
1355 1966 1490 2015 autem
1527 1962 1631 2000 ratio

177 2027 259 2067 fuit
286 2029 454 2067 alterius
480 2029 737 2078 comoediae,
767 2030 810 2069 in
840 2042 919 2081 qua
947 2032 993 2068 ut
1023 2029 1262 2082 Geor-giam,
1293 2031 1410 2070 Pacis
1441 2030 1632 2070 comitem

179 2095 417 2148 loquentem
455 2097 634 2145 induxit,
669 2098 750 2137 vid.
781 2099 942 2149 Fragm.
976 2097 1026 2137 11.
1057 2098 1114 2136 ita
1157 2100 1276 2139 etiam
1306 2100 1384 2151 ipsi
1414 2099 1511 2139 Paci
1539 2112 1633 2151 par-

180 2168 246 2205 tes
282 2165 471 2204 tribuerit
507 2177 674 2205 necesse
712 2170 787 2207 est.
851 2167 993 2217 ltaque
1023 2166 1198 2207 dubitari
1227 2181 1308 2208 non
1337 2173 1500 2221 potest,
1537 2170 1633 2220 quin

180 2233 478 2286 Aristophanes
491 2234 610 2283 hanc,
641 2246 760 2286 quam
790 2235 990 2287 integram
1015 2235 1214 2276 habemus
1244 2238 1510 2286 comoediam,
1540 2250 1632 2277 cum

181 2302 272 2355 ipse
310 2315 472 2354 quoque
505 2316 649 2355 parum
691 2305 896 2356 probaret,
934 2308 1077 2356 postea
1115 2311 1339 2345 correctam
1387 2306 1632 2346 exhibuerit.

181 2371 314 2411 Aliter
353 2385 451 2411 sane
489 2372 619 2411 visum
650 2377 712 2412 est
742 2374 952 2425 Droyseno
992 2373 1034 2413 in
1070 2387 1175 2414 vers.
1206 2376 1414 2428 Aristoph.
1447 2376 1465 2414 Ι
1493 2389 1533 2428 p.
1566 2376 1632 2424 11,

182 2440 252 2492 qui
281 2445 422 2480 censet
449 2441 629 2492 priorem
660 2442 878 2482 editionem
910 2443 1095 2494 periisse,
1123 2445 1343 2485 secundam
1373 2449 1508 2484 autem
1538 2457 1635 2484 con-

182 2513 382 2550 servatam
431 2523 544 2557 esse;
590 2513 631 2549 at
673 2510 759 2549 eius
799 2512 903 2550 ratio
943 2516 1028 2551 tum
1065 2511 1226 2551 demum
1264 2513 1365 2552 ferri
1403 2518 1563 2566 posset,
1599 2515 1634 2554 si

182 2576 346 2618 fabulae
377 2579 642 2631 corrigendae
672 2580 887 2619 consilium
919 2581 1095 2631 cepisset
1133 2585 1289 2621 tantum
1320 2587 1462 2634 poeta,
1500 2596 1634 2635 neque

182 2657 282 2685 vero
310 2646 568 2697 perfecisset,
604 2648 646 2687 id
676 2648 784 2699 quod
814 2648 967 2688 factum
997 2654 1059 2688 est
1089 2650 1130 2689 in
1160 2651 1366 2690 Nubibus:
1395 2655 1436 2690 at
1465 2652 1634 2692 alteram

183 2725 348 2769 quoque
374 2717 625 2758 comoediam
641 2717 810 2759 doctam
840 2730 932 2759 esse
961 2722 1133 2772 apparet
1163 2732 1211 2760 ex
1239 2725 1494 2773 argumento,
1523 2733 1634 2763 nam·

1713 2794 1716 2907 i
