1716 3164
619 159 749 211 &AB
761 155 1037 203 ΥΛΩΝΙΟΙ.
1490 162 1573 204 ⁰67
1587 204 1589 208 ,

93 280 178 323 λεν.
233 274 291 319 τὰ
319 275 365 318 δὲ
394 273 574 326 Λήναια
604 273 651 314 ἐν
682 272 741 332 τῷ
767 268 1007 331 μετοπώρῳ
1036 269 1191 326 ἤγετο,
1229 272 1279 314 ἑν
1307 267 1373 322 οἷς
1403 269 1456 314 οὐ
1485 286 1571 314 πα·-

91 349 233 406 ρῆσαν
268 348 312 390 οἱ
351 346 488 399 ξένοι,
528 338 602 386 ὅτε
639 342 690 386 τὸ
720 343 870 400 δρᾶμα
898 343 1029 385 τοῦτο
1068 344 1111 385 οἱ
1150 340 1383 400 Ἀχαρνεῖς
1423 339 1569 385 ἐδιδά-

91 435 230 463 σκετο.
301 422 432 461 Docet
472 419 583 459 enim
625 417 695 457 hio
732 417 850 457 locus
886 417 1048 470 magnis
1078 417 1290 470 Dionysiis
1321 415 1569 470 Babylonio-

92 507 183 535 rum
224 493 364 532 drama
402 496 537 531 actum
577 501 696 538 esse,
734 491 993 540 testaturque
1037 487 1118 527 hoc
1149 489 1241 541 ipse
1271 487 1570 541 Aristophanes

92 565 132 606 ἱιι
163 564 418 606 Acharneus.
450 574 488 600 v.
517 559 622 599 5⁰2:

322 625 387 672 Οὐ
414 624 498 684 γάρ
525 641 580 682 με
610 624 690 667 νῦν
718 639 764 678 γε
795 623 1006 679 διαβαλεῖ
1030 625 1194 678 Κλέων,
1228 619 1300 667 ὅτι

317 700 450 754 ξένων
479 694 711 754 παρόντων
740 694 821 746 τὴν
851 693 982 737 πόλιν
1009 695 1149 746 κακῶς
1178 696 1300 750 λέγω.

315 766 445 813 αὐτοὶ
475 764 558 825 γάρ
587 766 718 822 ἐσμεν
747 763 853 809 οὑπὶ
881 765 1065 824 Ληναίῳ
1096 764 1141 808 τ’
1175 765 1307 822 ἀγών,

311 838 460 884 κοῦπω
490 840 604 893 ξένοι
633 835 858 894 πάρεισιν·
889 835 989 880 οὔτε
1020 837 1102 894 γὰρ
1133 836 1266 895 φόροι

313 907 496 965 ἥκουσιν
529 906 630 951 οὔτ’
662 909 708 951 ἐκ
740 909 828 950 τῶν
858 907 1029 952 πόλεων
1057 907 1110 951 οὐ
1142 907 1367 965 σύμμαχοι

313 979 412 1024 ἀλλ’
446 981 579 1036 ἐσμὲν
608 978 737 1022 αὐτοὶ
767 979 848 1022 νῦν
879 995 926 1035 γε
955 982 1321 1036 περιεπτισμένοι.

90 1058 159 1098 ubi
188 1056 433 1102 scholiasta:
476 1050 550 1093 διὰ
581 1049 631 1093 τὸ
662 1051 710 1093 ἐν
738 1053 829 1101 τοῖς
863 1048 1167 1105 Βαβυλωνίοις
1197 1050 1371 1093 πολλῶν
1400 1046 1566 1106 παρόν-

89 1139 175 1167 των
204 1124 337 1178 ξένων
375 1118 591 1180 εἰρηκέναι
627 1121 741 1164 κατὰ
778 1122 954 1164 πολλῶν
986 1119 1350 1179 Ἀριστοφάνην·
1392 1119 1462 1163 διὸ
1490 1122 1566 1163 καὶ

85 1192 377 1251 κατηγορήθη
411 1191 493 1236 ὑπὸ
526 1193 602 1236 τοῦ
635 1193 850 1243 Κλέωνος.

199 1269 428 1310 Commode
457 1273 597 1309 autem
625 1268 715 1321 ipse
743 1265 1045 1319 Aristophanes
1075 1267 1256 1320 exponit,
1286 1268 1386 1320 quid
1398 1260 1455 1309 'in
1484 1268 1567 1310 hoc

87 1340 272 1380 dramate
300 1340 563 1393 potissimum
591 1339 860 1393 spectaverit:
897 1349 1078 1390 namque
1115 1338 1158 1379 in
1187 1339 1376 1392 parabasi
1407 1340 1565 1382 Achar-

87 1424 202 1454 neus.
233 1424 271 1451 v.
301 1410 385 1450 630
415 1409 534 1450 dicit.

142 1474 500 1559 Διαβαλλόμενος
536 1474 592 1519 δ’
627 1473 713 1519 ὑπὸ
755 1476 842 1518 τῶν
881 1473 1060 1530 ἐχθρῶν
1095 1474 1141 1516 ἐν
1175 1471 1454 1528 Ἀθηναίοις
1483 1492 1565 1520 τα-

869 1542 1106 1602 χυβούλοις

144 1617 202 1670 ὥς
218 1618 420 1678 κωμῳδεῖ
437 1618 517 1671 τὴν
546 1615 678 1662 πόλιν
706 1616 828 1674 ὑμῶν
844 1622 884 1672 *)
914 1617 989 1659 καὶ
1017 1614 1097 1658 τὸν
1120 1616 1266 1672 δῆμον
1288 1617 1566 1676 καθυβρίζει,

143 1688 471 1746 ἀποκρίνεσθαι
501 1689 642 1731 δεῖται
670 1691 769 1731 νυνὶ
798 1687 906 1744 πρὸς
932 1684 1220 1739 Ἀθηναίους
1248 1687 1564 1771 μεταβούλους.

145 1759 286 1816 ᾳησίν
316 1758 364 1801 δ’
394 1753 507 1802 εἶναι
534 1760 709 1802 πολλῶν
738 1758 932 1813 αγαθῶν
959 1754 1081 1810 ἄξιος
1109 1755 1213 1814 ὑμῖν
1241 1757 1266 1802 ὁ
1296 1776 1481 1814 ποιητης

148 1846 370 1882 παυσας
399 1828 539 1887 ὑμᾶς
569 1831 847 1885 ξενικοῖσι
877 1826 1067 1883 λόγοις
1093 1827 1164 1884 μὴ
1195 1828 1328 1873 λίαν
1356 1832 1566 1886 ἐξαπα-

874 1898 1118 1951 τᾶσθαι,

140 1968 268 2027 μηδ’
311 1966 563 2024 ἥδεσθαι
600 1970 1039 2026 θωπευομένους
1077 1968 1206 2027 μηδ’
1239 1964 1392 2018 εἶναι
1425 1991 1563 2032 χαυ-

870 2039 1192 2093 νοπολίτας.

143 2107 354 2168 πρότερον
392 2109 441 2154 δ’
472 2110 586 2168 ὑμᾶς
626 2109 715 2154 ἀπὸ
745 2111 834 2159 τῶν
862 2109 1033 2155 πόλεων
1071 2113 1117 2155 οἱ
1152 2114 1358 2172 πρέσβεις
1395 2116 1563 2170 ἐξαπα-

873 2197 1030 2234 τωντες

137 2250 311 2308 πρῶτον
354 2252 436 2308 μέν
474 2247 765 2309 ἰοστεφάνους
803 2250 1002 2297 ἐκάλουν.
1075 2250 1263 2307 κάπειδὴ
1311 2255 1441 2300 τοῦτό
1496 2272 1563 2308 τις

873 2323 1005 2374 εἴποι,

143 2385 282 2440 εὐθὺς
328 2388 403 2431 διὰ
445 2389 547 2441 τοὺς
599 2389 844 2448 στεφάνους
888 2393 942 2434 ἐπ
962 2391 974 2404 '
1020 2389 1164 2449 ἄκρων
1216 2392 1304 2435 τῶν
1347 2392 1563 2449 πυγιδίων

874 2460 1127 2516 ἐκάθησθε.

145 2527 186 2572 εἰ
213 2531 260 2572 δέ
290 2545 355 2581 τις
386 2527 498 2586 ὑμᾶς
527 2530 858 2585 ὑποθωπεύσας
874 2534 1063 2590 λιπαρὰς
1091 2533 1311 2576 καλέσειεν
1335 2531 1564 2588 Ἀθήνας,

181 2694 214 2737 ’)
237 2695 298 2728 Sic
321 2699 417 2729 recte
442 2696 583 2740 scripsit
608 2696 834 2740 Fritzschius,
858 2700 919 2742 qui
946 2699 1158 2744 peculiarem
1196 2700 1238 2732 de
1263 2698 1462 2742 Babyloniis
1487 2698 1562 2733 edi-

91 2751 144 2785 ‹lit
167 2756 495 2791 commentationem
521 2757 616 2802 Lips.
641 2758 922 2794 MDCCCXXX.
