1716 3164
233 190 317 232 780
831 184 1066 227 CALLIAE

234 326 289 334 -.
326 300 396 342 Vs.
426 301 453 338 2
501 297 594 336 libri
631 290 800 348 ἐγχελία
840 296 904 334 vel
935 292 1122 348 ἑγχὲλια,
1159 290 1321 345 αἶνεεύς
1349 302 1390 338 et
1425 290 1572 346 οὕτως.
1632 300 1678 341 In

234 371 300 410 his
328 366 514 420 ἐγχέλεια
556 371 597 405 et
633 360 784 404 οὑτοσὶ
813 365 1042 405 emendavit
1072 365 1503 418 Schweighaeuserus‚
1541 365 1679 416 λινιύς

233 438 471 480 Erfurdtius
488 436 656 476 Observ.
675 447 716 486 p.
731 435 827 473 461.
886 435 1110 474 Confirmat
1140 435 1315 474 Lexicon
1332 437 1504 477 Bekkeri
1523 439 1678 479 Anecd.

234 521 276 559 p.
305 506 388 546 474
425 506 463 544 l.
503 498 753 557 Ἀχαρνιόςε
793 497 987 555 ἀχαρνιὸς
1023 502 1097 541 καὶ
1126 498 1271 555 ὀρφώς
1301 499 1324 540 ὁ
1354 500 1494 551 αὐτός,
1558 505 1678 545 Καλ-

235 571 331 621 λίας
355 569 592 626 Κύκλωψιν
615 569 851 624 Ἐγχέλεια,
882 567 1077 624 κάραβοι,
1109 567 1260 619 λινεύς,
1293 566 1487 623 τ’τχαρνώς
1515 571 1676 615 οὑτοσί,

233 644 480 696 Hesychius,
507 638 681 689 Λινεύςι
715 636 845 694 ἰχθὺς
874 637 1011 687 ποιός.
1055 642 1225 680 Photius
1243 654 1280 692 p.
1300 642 1381 680 224
1408 643 1474 682 22.
1503 640 1678 690 Λινεύςε

234 710 443 766 κεστρεύς.
509 714 570 752 Ex
607 713 752 752 eodem
783 710 930 750 Lexico
960 707 1154 762 οἷχαρνώς
1184 723 1256 762 pro
1287 705 1472 764 ἄχαρνος
1500 714 1680 753 scriben-

235 783 331 823 dum
365 795 456 822 esse
487 782 624 822 monui
657 784 822 832 Quaest.
852 779 1067 820 Menandr.
1099 792 1138 830 Ρ.
1167 779 1236 819 51.

939 929 991 968 Π.

296 1010 350 1054 Τι’
386 1010 468 1067 γὰρ
503 1008 531 1062 ἡ
568 1007 760 1066 τρυφερὰ
798 1010 872 1051 καὶ
911 1004 1240 1064 καλλιτράπεζος
1271 1005 1424 1048 Ἰωνία
1464 1004 1555 1062 εἴφ’
1588 1001 1616 1047 δ’
1640 1022 1681 1047 τι

1023 1089 1216 1148 πράσσει.

346 1208 582 1249 Athenaeus
620 1205 698 1245 XII
737 1219 776 1258 p.
806 1205 946 1245 5241':
1001 1201 1101 1251 τοὺς
1145 1200 1190 1242 δὲ
1234 1199 1491 1255 σύμπαντας
1522 1199 1681 1250 Ἴωνας

234 1273 516 1317 ἐπισκώπτων
546 1272 744 1322 Καλλίας
773 1269 801 1323 ἢ
830 1272 1008 1321 Διοκλῆς
1045 1272 1090 1312 ἐν
1121 1268 1334 1322 Κύκλωψί
1363 1285 1472 1327 φησι
1519 1270 1573 1312 Τι’
1600 1270 1680 1326 γὰρ

234 1344 322 1388 κτλ.
395 1346 470 1395 „In
514 1345 594 1384 hoc
636 1357 756 1384 versu
802 1344 1074 1383 memorabiiis
1121 1347 1182 1381 est
1225 1355 1416 1382 caesurae
1459 1344 1677 1396 negiectio‚

234 1418 350 1457 cuius
390 1418 516 1455 'unum
559 1415 789 1465 exemplum
820 1414 962 1452 Avium
995 1414 1177 1452 novimus
1219 1427 1254 1453 v.
1285 1415 1388 1453 600:
1427 1410 1511 1451 τῶν
1552 1408 1680 1464 ἀργυ-

233 1484 358 1539 ρίων·
389 1475 510 1523 οὗτοι
539 1479 620 1535 γὰρ
651 1481 793 1522 ἴσασι·
831 1480 1001 1532 λέγουσι
1031 1480 1076 1520 δέ
1106 1495 1173 1521 τοι
1202 1478 1298 1521 τόδε
1329 1480 1524 1528 mim-592³
1581 1483 1680 1522 Din-

234 1557 402 1596 ‹lon-fine.
475 1553 597 1594 Aliud
642 1553 872 1604 exemplum
913 1552 1108 1591 habemus
1151 1553 1193 1591 in
1233 1552 1411 1593 Platonis
1450 1552 1680 1604 Symmach.

234 1626 276 1666 11
305 1625 355 1664 4:
384 1613 444 1670 εἷς
474 1618 523 1660 δ’
542 1619 799 1675 ἀμφοτέρων
823 1616 1037 1672 ὄστρακον
1066 1617 1263 1660 αὐτοῖσιν
1292 1617 1440 1670 ἀνίησ’
1467 1617 1524 1667 εἰς
1544 1620 1680 1672 μέσον

234 1689 384 1740 ἑστώς,
416 1693 524 1744 quod
554 1696 690 1731 tamen
719 1696 833 1730 recte
863 1691 963 1730 mihi
992 1692 1215 1731 correxisse
1244 1691 1397 1731 videor.
1429 1694 1486 1732 Ac
1504 1691 1680 1730 fortasse

233 1778 287 1806 ne
315 1762 638 1813 Aristophaneus
677 1761 840 1810 quidem
876 1773 1016 1800 versus
1050 1761 1136 1800 vitii
1174 1760 1363 1799 immunis
1394 1765 1468 1799 est.
1526 1760 1681 1799 Calliae

234 1846 378 1874 versus
405 1831 599 1871 iambicos
629 1829 759 1869 videri
788 1830 867 1869 iam
899 1831 994 1869 olim
1025 1831 1073 1869 ad
1089 1830 1302 1869 Menandr.
1319 1842 1359 1880 p.
1373 1830 1454 1868 273
1485 1830 1678 1869 indicavi:

403 1896 447 1939 τί
474 1895 556 1952 γὰρ
585 1911 611 1945 η
642 1895 833 1951 τρυφερὰ
861 1899 934 1937 καὶ
963 1892 1290 1952 καλλιτράπιζος
1314 1895 1466 1936 Ιωνια

402 1959 525 2008 εἷπον
554 1959 651 2007 ὅτι
681 1962 880 2020 πράσσει.

234 2042 369 2092 Atque
397 2039 453 2078 ita
483 2051 590 2078 nunc
620 2038 740 2077 etiam
771 2038 980 2077 Dobraeus
996 2038 1164 2077 Advers.
1183 2037 1220 2076 11
1236 2050 1275 2089 p.
1291 2037 1388 2077 339.
1426 2038 1513 2077 Nec
1548 2037 1679 2078 offen-

234 2109 334 2149 dere
365 2109 488 2148 debet
516 2107 711 2158 frequens
741 2111 1050 2158 anapaestorum
1081 2118 1191 2146 usus.
1235 2108 1426 2146 Ceterum
1457 2112 1551 2147 ante
1579 2107 1678 2147 Din-

232 2179 408 2220 dorfium
439 2177 692 2219 scribebatur
718 2165 810 2230 εἶφ’
843 2188 918 2228 pro
946 2170 1055 2228 εἴφ’.

935 2325 1009 2364 111.

413 2407 509 2448 Καὶ
538 2405 659 2459 δέξαι
688 2405 813 2457 τηνδὶ
840 2403 1157 2461 μετανιπτρίδα
1184 2405 1262 2456 τῆς
1282 2403 1486 2458 (Υγιειάς.

343 2521 577 2563 Athenaeus
613 2520 672 2564 xl
709 2533 750 2572 Ρ.
778 2520 859 2559 487
879 2532 915 2559 a.
956 2519 1007 2558 de
1050 2518 1198 2570 poculo
1244 2514 1523 2569 μετανιπτρὶς
1569 2516 1677 2555 dicto

235 2590 458 2647 disserens:
494 2587 603 2630 ἔνιοι
628 2588 677 2629 δὲ
707 2586 786 2638 τὴν
812 2585 922 2641 μετὰ
951 2584 1010 2629 τὸ,
1030 2585 1262 2639 νίψασθαι
1291 2581 1421 2625 πόσιν
1450 2586 1534 2636 (sc.
1567 2586 1678 2624 dice-

233 2659 331 2700 bant
366 2656 697 2712 μετανιπτρίς),
739 2654 797 2705 ὥς
834 2656 1041 2704 Σέλευκος
1085 2655 1130 2696 ἐν
1169 2652 1410 2702 Γλώσσαις.
1481 2649 1679 2700 Καλλίας

235 2722 287 2766 δ’
317 2725 364 2766 ἐν
395 2721 608 2782 Κύκλωψι
636 2726 729 2768 Καὶ
761 2725 881 2778 δέξαι
907 2724 998 2768 κτλ.
