1716 3164
603 181 707 225 AM
710 178 1013 226 ΦΙΛΡΑΟΣ.
1464 176 1549 224 95⁶1

32 281 37 285 Ι
67 296 125 350 ὥς
152 297 227 341 καὶ
260 292 597 354 Ἀριστοφάνης
631 293 907 354 ’Λμφιαράῳ
934 295 1010 338 καὶ
1039 288 1255 351 Στράττις
1284 291 1331 334 ἐν
1364 291 1550 337 Φοινίσ-

0 389 1 400 ¹
70 383 183 419 σαις.
248 371 493 413 Accuratius
532 371 797 423 Hesychius:
847 363 1121 423 Γυμνότερος
1158 362 1388 421 λεβηρίδος
1420 362 1551 422 Ἀρι-

72 437 298 498 στοφάνης
342 437 477 496 φησί·
521 434 860 495 τυφλότερος
898 435 1213 494 λεβηρίδος.
1270 433 1366 479 ἔστι
1399 435 1447 478 δὲ
1482 437 1551 478 λε-

71 512 198 569 βηρὶς
226 509 277 552 τὸ
314 509 393 552 τοῦ
433 506 575 566 ὄφεως
611 508 750 563 γῆρας
786 506 862 550 διὰ
900 505 1117 558 τὸᾲλέπος
1151 498 1288 548 εἶναι·
1348 505 1474 549 κενὸν
1504 508 1551 550 ὸὲ

73 584 223 632 τελέως
261 582 355 624 ἐστὶ
393 580 522 622 τοῦτο
559 579 636 621 καὶ
673 577 868 635 τυφλόν·
909 578 988 629 τὰς
1027 576 1111 636 γὰρ
1149 576 1262 626 ὀπὰς
1295 574 1437 631 μόνας
1467 576 1551 634 ἔχει

72 653 159 696 τῶν
194 649 472 709 ὀφθαλμῶν·
519 646 730 692 τάττουσι
773 649 820 691 δὲ
861 649 943 703 τὴν
978 647 1097 702 λέξιν
1133 648 1206 690 ἐπὶ
1243 648 1438 703 τέττιγος
1474 652 1552 692 καὶ

74 722 266 773 συνόλως
294 722 385 764 ἐπὶ
421 719 528 762 ταῖν
565 716 979 776 άποδυομένων
1014 717 1074 761 τὸ
1103 718 1291 776 γῆρας.
1349 720 1474 776 τριχῆ
1503 720 1552 762 δὲ

72 792 381 852 ἀναγράφουσι
410 789 491 842 τὴν
520 791 793 848 παροιμίαν,
828 793 904 834 καὶ
927 791 985 834 ὀἱ
1013 793 1094 847 μὲν
1122 787 1388 847 τυφλότερος
1416 791 1553 846 λεβη-

15 920 17 924 *
73 866 206 924 ρίδος,
236 865 279 907 οἱ
309 863 355 906 δὲ
383 858 626 919 κενότερος,
666 863 710 905 οἱ
740 862 787 905 δὲ
815 858 1094 919 γυμνότερος.
1164 864 1285 906 Adde
1324 865 1472 908 Suidas
1511 880 1550 908 v.

0 923 18 930 Ἢ
74 933 346 995 γυμνότερος,
376 937 551 979 Photius
580 950 622 991 p.
650 937 731 977 611
762 937 833 987 23,
863 937 1076 979 Zenobiae
1107 935 1147 978 11
1178 936 1247 978 05.

246 1125 343 1167 Καὶ
370 1122 423 1176 νὴ
454 1121 530 1167 Δί’
562 1122 608 1166 ἐκ
636 1121 716 1165 τοῦ
743 1120 972 1180 δωματίου
999 1137 1047 1178 γε
1074 1121 1163 1181 νῷν
1190 1121 1294 1179 φέρε

244 1209 491 1266 κνέφαλλον
519 1202 615 1265 ἅμα
642 1209 718 1250 καὶ
748 1204 1107 1266 προσκεφάλαιον
1132 1207 1221 1250 τῶν
1249 1206 1394 1252 λινῶν.

186 1304 451 1346 Herodianus
488 1301 586 1358 περὶ
615 1315 714 1356 μον.
745 1300 828 1353 λέξ.
855 1317 897 1357 p.
927 1303 982 1343 39
1014 1302 1091 1343 15:
1134 1295 1254 1350 Τύλη
1293 1292 1400 1355 ὅπερ
1439 1297 1549 1341 σύν-

76 1374 189 1425 ηθες
215 1370 454 1426 Ἀττικοῖς,
492 1371 740 1429 κνέφαλλον
777 1372 948 1424 καλεῖν,
985 1366 1228 1428 ὁμωνύμως
1261 1370 1323 1428 τῷ
1356 1385 1550 1426 περιεχο-

71 1444 188 1501 μένῳ
225 1441 308 1494 τὴν
337 1443 636 1500 περιέχουσαν.
689 1439 1026 1499 ’Λριστοφάνης
1071 1437 1358 1499 Ἀμφιάρεω·
1397 1439 1548 1494 Καινὴ

74 1514 165 1556 διεκ
201 1514 282 1556 τοῦ
319 1514 359 1557 δ.
399 1515 536 1568 γένων
580 1515 682 1571 φέρε
733 1527 798 1557 κν.
842 1507 937 1570 ἅμα
982 1528 1022 1557 κ.
1064 1527 1137 1570 πρ.
1185 1512 1231 1554 ἐκ
1269 1526 1359 1553 των
1402 1511 1549 1558 λινων.

75 1588 251 1629 correxit
281 1588 531 1629 Dindorfius.
590 1600 835 1640 quamquam
872 1601 950 1641 ego
988 1587 1156 1640 quidem
1196 1586 1417 1638 aliquando
1449 1600 1549 1628 con-

75 1659 154 1699 ieci
182 1659 407 1712 legendum
437 1671 554 1699 esse:
602 1655 804 1697 Κλινιδ
815 1669 901 1697 ιον
930 1655 975 1697 ἐκ
1004 1655 1084 1697 τοῦ
1114 1653 1343 1711 δωματίου
1378 1671 1425 1710 γε
1463 1657 1550 1716 νῷν

0 1748 3 1798 ι
76 1727 202 1783 φέρε,
231 1726 498 1782 Κνέφαλλον
525 1722 620 1782 α’μα
648 1726 739 1770 κτλ.
801 1729 1004 1770 PolluxX
1032 1729 1110 1768 4⁰:
1138 1726 1186 1767 ἐν
1214 1725 1261 1769 δὲ
1286 1725 1550 1786 ’Λμφιάρεω

72 1793 447 1854 Ἀριστοφάνους·
480 1798 719 1853 Κνέφαλον
746 1792 841 1853 ἅμα
869 1798 945 1839 καὶ
974 1794 1334 1854 προσκεφάλαιον
1365 1797 1454 1839 τῶν
1481 1799 1549 1842 λι-

73 1867 188 1910 νῶν·
234 1865 441 1919 δηλονότι
476 1865 535 1918 αἱς
577 1869 654 1910 καὶ
698 1866 915 1910 σκυτίνων
957 1868 1033 1909 καὶ
1078 1867 1210 1923 ἐρεων
1264 1870 1546 1925 γιγνομένων.

73 1942 210 1983 Senex
237 1941 332 1992 ille,
368 1946 586 1996 postquam
624 1942 736 1982 exuit
775 1946 1007 1991 senectam,
1044 1941 1263 1984 lasciviens
1293 1954 1388 1983 eum
1418 1956 1547 1985 uxore

11 1994 24 2049 λ
71 2016 120 2053 ut
150 2013 409 2063 concumbat,
438 2017 580 2066 parat:
619 2012 695 2054 cfr.
727 2013 944 2066 Lysistrat.
981 2025 1020 2052 v.
1051 2013 1159 2053 926:
1207 2011 1266 2052 M
1271 2011 1398 2054 YPP.
1434 2012 1548 2070 Φέρε

74 2079 154 2123 νῦν
185 2080 340 2136 ἐνέγκω
376 2078 591 2123 κλινίδιον
619 2079 719 2139 νῷν.
761 2107 818 2116 —-
857 2075 979 2134 ἰδού,
1016 2078 1244 2124 κατάκεισ’
1282 2078 1451 2133 ἀνύσας
1489 2099 1546 2139 τι,

73 2149 185 2207 κάγώ
227 2140 442 2207 ’κδύομαι.
499 2150 598 2195 Καί
625 2166 716 2205 τοι,
747 2149 798 2194 τὸ
829 2151 968 2204 δεῖνα,
996 2149 1179 2210 ψίαθός
1207 2149 1302 2195 ἐστ’
1334 2153 1544 2207 ἐξοιστέα.

72 2249 129 2256 —
163 2218 293 2264 Ἰδοὺ
319 2221 523 2279 ψίαθος·
562 2218 818 2265 κατάκεισο·
858 2223 934 2264 καὶ
973 2221 1028 2275 δὴ
1065 2221 1282 2280 ’κδύομαι.
1343 2222 1439 2266 Καί
1476 2215 1546 2268 τοι

74 2290 123 2334 τὸ
153 2291 290 2344 δεῖνα,
319 2290 676 2350 προσκεφάλαιον
704 2290 783 2334 οὐκ
811 2290 932 2348 ἔχεις.

766 2385 858 2428 XV.

248 2465 388 2509 Ταυτὶ
416 2465 472 2508 τὰ
499 2464 597 2524 κρέ’
626 2464 746 2527 αὐτῷ
774 2464 896 2525 παρὰ
922 2465 1127 2522 γυναικός
1155 2484 1235 2512 του
1263 2470 1395 2527 φέρω.

184 2553 360 2596 Photius
389 2568 430 2608 p.
458 2555 544 2595 596
575 2555 629 2596 14
656 2560 699 2597 et
728 2556 902 2598 Suidas=
947 2551 1037 2597 Τοὺ
1073 2555 1150 2597 καὶ
1180 2554 1254 2598 ἐπὶ
1283 2555 1363 2598 τοῦ
1392 2555 1542 2608 θηλυ-

69 2620 149 2664 κοῦ
183 2618 410 2675 τάττεται,
446 2618 595 2680 ὥσπερ
633 2622 682 2666 τό
723 2622 855 2675 τινός.
910 2621 1247 2682 Ἀριστοφάνης
1281 2623 1541 2686 Ἀμφιάρεῳ

75 2693 215 2735 Ταυτὶ
242 2693 334 2738 κτλ.
391 2697 511 2738 Haec
537 2697 717 2739 fortasse
745 2711 892 2741 servus
919 2698 1083 2752 aliquis,
1112 2699 1183 2752 qui
1209 2700 1324 2744 iussu
1354 2702 1540 2744 mulieris

70 2765 282 2810 adulterae
309 2780 454 2811 senem
482 2768 601 2810 illum
629 2768 730 2810 adit.
