1716 3158
221 189 304 231 944
746 182 1102 233 ARl'SToPHAN
1107 192 1155 234 IS

220 298 354 352 λέγων
383 295 518 337 οἱονεὶ
548 293 614 336 δι’
644 290 747 347 ὅλης
787 295 950 347 νυκτός.
1018 302 1111 342 Non
1146 303 1233 355 ipsa
1272 308 1418 357 poetae
1446 307 1570 350 verba
1597 307 1668 360 qd-

218 370 353 411 hibuit
391 368 652 417 Athenaeus,
691 369 768 409 sed
800 369 904 409 nihil
932 370 1042 411 aliud
1071 372 1333 424 significavit,
1373 388 1492 428 quam
1522 377 1563 417 in
1592 378 1669 418 hac

220 437 504 492 Aristophanis
532 436 672 479 fabula
702 440 932 480 convivium
969 454 1045 493 per
1080 445 1206 483 totam
1236 448 1397 492 noctem
1426 445 1667 487 continuari.

908 589 964 629 II.

386 665 519 710 Ἀλλ’
548 665 734 709 ἄνυσον·
765 665 817 710 οὐ
846 670 1015 725 μέλλειν
1042 668 1181 726 ἐχρῆν,
1210 667 1267 720 ὠς
1294 668 1495 727 ἀγοράσω

379 749 712 804 ‘Anagozaavff’
742 746 815 794 ‹3'0'
848 749 903 794 ἂν
934 752 1113 811 κελεύῃς,
1143 745 1177 794 ὦ
1206 751 1348 808 γύναι.

331 868 476 908 Suidas
505 878 544 906 v.
570 861 818 918 Ἀγοράσαι
855 872 897 907 et
933 867 1110 907 Gramm.
1148 868 1324 908 Bekkeri
1354 869 1434 909 vol.
1465 870 1483 909 1
1513 883 1554 922 p.
1584 870 1664 910 331

214 939 291 980 26:
318 931 564 989 Ἀγοράσαι
592 934 776 987 λέγουσι,
806 932 856 975 τὸ
886 931 936 974 δ’
969 933 1131 990 ἆγορᾶν
1156 932 1394 991 βάρβαρον,
1425 937 1666 992 παραδειγ-

213 1003 363 1060 μάτων
403 1005 448 1045 ὃὲ
477 1002 616 1057 μεστὰ
646 1000 812 1055 πάντα,
848 1001 1054 1060 εἰλήφθω
1084 1002 1132 1045 δ’
1164 999 1279 1058 ὅμως
1314 1003 1664 1062 Ἀριστοφάνους

213 1075 258 1127 ἐξ
286 1070 607 1122 Αἶολοσίκωνος
647 1076 757 1124 (om.
800 1077 978 1116 Gmmm.
1010 1079 1168 1126 Bekk.)
1206 1071 1335 1116 Ἀλλ’
1374 1073 1538 1116 ἄνυσον
1572 1076 1662 1119 κτλ.

212 1148 448 1200 Legebotur
476 1138 561 1185 ὅσα
589 1141 790 1195 κελεύεις,
830 1148 938 1198 quod
969 1148 1145 1186 correxit
1174 1149 1396 1187 Bekkerus.
1465 1148 1665 1198 Loquitur

212 1219 314 1257 haec
343 1218 432 1269 ipse
450 1217 709 1263 Aeolosicom
741 1227 909 1255 coenam
940 1221 1220 1268 apparaturus.
1280 1218 1474 1256 Ceterum
1505 1215 1557 1255 de
1589 1228 1663 1256 no-
1712 1240 1716 1272 1]

212 1288 325 1328 tione
361 1287 475 1326 verbi
512 1280 737 1337 ἀγοράζειν
786 1285 860 1326 cfr.
893 1286 1148 1339 Phrynichus
1181 1287 1310 1327 Bekk.
1342 1287 1358 1326 1
1388 1299 1429 1338 p.
1460 1287 1515 1326 2⁰
1552 1287 1578 1325 6
1616 1290 1658 1327 et

212 1357 484 1399 Antiatticista
511 1357 610 1397 ibid.
636 1369 676 1408 p.
709 1356 764 1395 78
793 1356 833 1395 8.

903 1477 977 1517 111.

394 1552 537 1613 ’Ὅπερ
566 1556 612 1598 δὲ
641 1554 798 1598 λοιπὸν
825 1553 962 1611 μόνον
991 1554 1054 1598 ἔτ’
1087 1547 1143 1608 ἦν
1169 1555 1215 1598 ἐν
1243 1556 1297 1614 τῇ
1325 1555 1482 1615 γνάθῳ

405 1638 642 1696 Διώβολον,
671 1637 862 1695 γεγένητ’
895 1641 991 1696 ἐμοὶ
1020 1638 1291 1695 δικόλλυβον.

322 1757 469 1798 Ponux
499 1755 557 1796 IX
588 1756 663 1795 63:
694 1749 824 1794 ’Ἐστι
863 1752 908 1794 δὲ
945 1753 1019 1794 καὶ
1058 1751 1107 1794 τὸ
1137 1749 1351 1806 διώβολον
1379 1751 1425 1792 ἐν
1452 1745 1661 1793 Αἰολοσί-

211 1839 315 1869 κωνι
347 1820 716 1880 Ἀριστοφάνους.
746 1818 888 1878 εὈπερ
917 1821 1072 1865 λοιπόν
1099 1820 1237 1878 μόνον
1263 1814 1318 1874 ἦν
1346 1822 1391 1863 ἐν
1423 1821 1475 1879 τῇ
1504 1818 1661 1877 γνάθῳ

208 1893 423 1950 διώβολον
451 1893 628 1946 γένηταί
656 1909 754 1948 μοις
794 1896 868 1936 sed
906 1896 996 1936 cod.
1026 1896 1249 1936 Falckenb.
1279 1895 1389 1934 addit
1428 1887 1661 1933 ι’δικολλοι-

206 1964 306 2016 κόν,
336 1967 445 2020 quod
473 1968 658 2007 homine·
689 1967 799 2007 docti
828 1980 908 2007 non
937 1970 1052 2006 recte
1079 1970 1338 2018 npreverunt;
1378 1965 1479 2003 vidit
1506 1963 1659 2015 aliquid

206 2039 413 2090 Heringa‚
450 2038 519 2088 qui
548 2038 723 2077 coniecit
751 2034 977 2088 ἐγέννησεν
1006 2031 1091 2084 ἤδη
1119 2030 1356 2084 κολλύβου,
1397 2039 1438 2073 at
1476 2034 1658 2074 scriben-

205 2109 303 2150 dum
343 2110 430 2147 erat
467 2101 665 2158 γεγένητ’
698 2104 794 2155 ἐμοὶ
833 2101 1111 2156 δικόλλυβον,
1150 2109 1192 2144 et
1220 2105 1357 2156 priore
1387 2116 1509 2143 versu
1548 2104 1658 2144 inse-

205 2179 380 2219 rendum
411 2172 497 2215 ἔτιε
538 2177 621 2216 hoc
662 2177 772 2216 enim
802 2175 901 2215 dicit
929 2176 1189 2224 Aeolosioon,
1218 2175 1320 2214 duos
1351 2174 1494 2213 obolos
1522 2174 1656 2214 immi-

205 2253 327 2291 nutos
357 2260 463 2297 esse,
493 2249 539 2286 ut
568 2247 633 2286 vix
663 2246 743 2286 duo
774 2258 885 2286 asses
915 2246 992 2285 sibi
1020 2245 1239 2297 supersint.
1281 2238 1547 2294 Δικόλλυβον
1578 2244 1657 2283 etsi

204 2320 304 2360 alias
333 2331 416 2358 nou
444 2317 606 2365 inveni,
635 2319 750 2356 recte
778 2319 912 2355 tomen
942 2318 1006 2354 est
1034 2314 1277 2363 formatum,
1315 2314 1656 2365 quemadmodum

204 2384 487 2443 τρικόλλυβον
516 2387 678 2436 dicitur,
709 2386 790 2426 vid.
821 2385 967 2425 Pollux
991 2385 1050 2424 IX
1078 2385 1158 2423 72:
1187 2381 1252 2431 εἴη
1283 2380 1309 2421 ὃ
1329 2378 1339 2391 '
1372 2375 1429 2422 ἂν
1455 2383 1529 2422 καὶ
1558 2379 1656 2423 κόλ-

203 2457 338 2511 λυβον
366 2453 525 2496 λεπτόν
553 2469 596 2495 τι
624 2449 926 2508 νομισμάτων.
984 2451 1266 2506 Καλλίμαχος
1304 2451 1408 2504 γοῦν
1444 2450 1527 2507 ἔφη
1558 2453 1655 2506 περὶ

203 2526 290 2567 ταῖν
317 2525 364 2567 ἐν
393 2519 505 2582 ᾅὸου
533 2523 686 2577 λέγων·
721 2520 802 2565 Ἕκ
837 2523 935 2573 τῶν,
977 2517 1082 2564 ὅκου
1118 2520 1227 2574 βοῦν
1254 2518 1468 2574 κολλύβου
1495 2517 1655 2577 πιπρή-

204 2607 396 2638 σκουσιν.
452 2591 509 2643 ὠς
544 2590 600 2634 ἂν
635 2593 749 2635 εἴποι
786 2593 851 2641 τὶς
887 2591 966 2633 τοῦ
980 2587 1312 2646 ,προςτυχόντος
1355 2593 1461 2643 (cfr.
1501 2592 1653 2644 Eupol.

204 2661 364 2713 Πόλεις
399 2666 457 2707 V:
503 2661 684 2705 Γυναῖκ’
727 2661 894 2705 ἐκίνουν
929 2658 1143 2714 κολλύβου
1184 2663 1260 2702 καὶ
1299 2660 1437 2702 παῖδα
1474 2660 1548 2700 καὶ
1586 2659 1654 2711 γε’-

203 2737 373 2792 ροντα.)
401 2733 477 2776 καὶ
504 2731 787 2789 τρικόλλυβον
815 2733 857 2775 οἱ
874 2732 1054 2783 ποιηταὶ
1088 2729 1269 2786 σμικρὸν
1298 2726 1506 2785 νόμισμά.
1535 2732 1653 2773 Adde
