1716 3164
1474 138 1586 180 1289

103 250 336 304 Trophonii
367 249 581 290 oraculum
615 250 711 291 145.

103 317 249 376 τρόπα
279 321 396 361 lusus
427 321 594 373 quidam
625 320 723 360 113.

102 389 315 446 τροπαῖον
346 392 502 444 antiqui
528 391 654 433 Attici
684 390 890 439 dicebant,
924 403 1004 432 non
1038 386 1253 444 τρόπαιον
1283 393 1381 433 227.

101 459 206 516 τρὺξ
237 463 373 502 vinum
405 463 486 502 vile
517 466 559 502 et
588 474 736 501 recens
769 460 865 500 164.

104 528 315 587 τρύπημα
347 545 470 573 sensu
501 533 682 572 obsceno
712 530 810 571 562.
871 536 874 540 '

103 599 370 657 τρυσίππιον
399 602 498 642 555.

103 670 211 724 τύλη
238 679 280 715 et
308 672 477 713 τυλεῖον
506 673 604 713 496.
635 671 688 712 de
716 684 908 712 mensura
939 673 1060 713 huius
1091 673 1268 714 nominis
1298 673 1398 715 ibid.

105 741 272 799 τυφλὸς
301 740 422 798 παρὰ
450 738 600 797 κωφὸν
629 737 757 781 λαλεῖ
780 744 1051 795 proverbium
1085 743 1153 783 18.

106 811 469 870 τυραννοδαίμων
499 813 699 867 Aspasiae
730 817 1050 866 cognomentum
1083 814 1180 854 149.

6 903 8 907 ⁷
67 940 72 942 ⁴
106 881 315 940 τύραννοι
348 891 390 926 et
425 882 642 939 Τυρρηνοὶ
672 883 847 924 confusa
877 884 950 926 91.

114 951 488 1010 Τυρρηνικουργὴς
518 956 587 995 91.

107 1028 366 1081 Tyrrhenica
398 1027 580 1067 sandalia
610 1026 679 1065 91.

111 1096 326 1152 Τυρρηνοὶ
360 1103 402 1138 et
433 1093 638 1151 τύραννοι
669 1093 843 1135 confusa
874 1096 943 1136 01.

768 1254 821 1293 U.
881 1252 933 1294 V.

106 1368 414 1419 unguentorum
443 1376 543 1405 usus
573 1365 615 1405 in
645 1365 747 1406 cibis
778 1365 877 1405 780.

107 1449 300 1478 versuum
337 1435 564 1475 eorundem
600 1435 643 1477 in
684 1436 857 1477 diversis
894 1434 1069 1486 fabulis,
1114 1436 1213 1489 quin
1256 1437 1298 1477 in
1343 1438 1491 1478 iisdem
1521 1451 1589 1480 re-

163 1507 309 1560 petitio
340 1506 439 1546 946.

886 1616 917 1630 t-

763 1620 800 1660 Χ
890 1634 905 1645 ,ι

805 1651 815 1661 ι
876 1649 922 1662 -ι

113 1745 277 1799 ξαίνειν
306 1745 433 1802 ἐρίων
465 1755 507 1790 et
538 1750 688 1790 similia
717 1751 816 1791 271.

110 1820 313 1861 Xanthias
342 1821 461 1861 faber
490 1820 692 1861 ferrarius
723 1821 823 1862 531.

113 1887 417 1940 ξανθίζεσθαι
447 1891 499 1931 de
530 1894 636 1932 tosta
666 1905 791 1933 carne
822 1893 977 1933 dictum
1004 1893 1101 1933 302.

114 1961 324 2002 Xenocles
354 1957 719 2014 δωδεκαμήχανος
748 1964 845 2004 662.

113 2028 359 2081 ξενοκοπεῖν
389 2046 438 2073 ex
467 2028 706 2082 ξυνεκόπην
736 2038 976 2087 corruptum
1004 2035 1103 2075 754.

114 2102 348 2155 Xenophon
381 2103 631 2152 Melitensis,
663 2103 875 2155 Euripidis
906 2105 1017 2145 filius
1047 2105 1117 2145 46,

119 2169 326 2225 ξιφισμός
355 2173 582 2213 saltationis
611 2185 744 2225 genus
776 2174 872 2214 142.

119 2236 241 2291 ξύλα.
299 2236 323 2280 ὁ
353 2240 423 2280 ἐπὶ
454 2239 542 2281 τῶν
572 2238 712 2292 ξύλων
740 2243 781 2283 in
813 2244 977 2284 theatro
1008 2245 1135 2285 attico
1165 2245 1264 2285 385.

121 2309 267 2361 ξυστὶς
299 2313 591 2366 tragoedorum
623 2313 749 2353 vestis
783 2314 878 2354 169.

773 2465 823 2504 Υ.
898 2461 943 2503 Y.

122 2570 344 2632 ὕβριστος,
376 2592 456 2620 non
487 2575 694 2635 ὑβριστὰς
723 2580 820 2621 649.

123 2644 418 2687 ὑδατοπωτὲω
447 2650 544 2690 21⁰.

17 2780 19 2783 Ι
49 2732 67 2755 ο
122 2713 344 2771 ὑπήβολος
376 2724 416 2760 et
446 2714 674 2772 ὑπώβολος
704 2720 802 2760 278.
