1716 3164
624 188 891 231 ΒΑΚΧΑΙ.
1414 183 1498 225 745

730 306 800 345 ΙΙΙ.

396 386 540 442 Ἀλλὰ
574 385 769 443 τρίμιτός
799 386 892 427 ἐστι
924 380 1118 431 πλεκτός.

140 478 286 519 Pollux
317 477 352 518 X
383 477 461 517 50:
511 471 649 525 ἔξεστι
697 467 746 512 δ’
791 466 926 512 εἰπεῖν
964 469 1039 509 καὶ
1080 463 1288 515 πλεκτοὺς
1337 461 1506 515 πίλους,

27 548 101 590 καὶ
130 547 202 589 ἐπὶ
231 545 319 588 τῶν
349 543 683 600 ὀνομαζομένων
714 539 921 585 οὐδώνων
951 538 1104 588 πίλους
1135 535 1384 594 τριμίτους,
1410 536 1507 578 Λυ-

29 618 197 661 σίππου
226 613 424 666 εἰπόντος
453 616 499 657 ἐν
528 611 724 669 Βάκχαις
764 611 909 655 Ἀλλὰ
956 606 1153 667 τρίμιτός
1184 608 1277 650 ἐστι
1308 603 1506 656 πλεκτός.

32 695 180 735 Nonne
212 689 336 738 πῖλος
366 702 440 742 pro
471 682 681 735 πλεκτόςὶὶ

737 767 807 807 IV.

256 848 472 892 Αὐτοῖσιν
502 847 651 899 αὐλοῖς
681 847 818 906 ὁρμαὶ
845 849 920 891 καὶ
951 842 1293 901 γλωττοκομείῳ.

146 946 292 987 Pollux
322 944 360 984 X
391 943 496 983 154:
533 938 584 982 τὸ
622 941 773 996 μέντοι
799 938 1144 994 γλωττοκομεῖον
1173 936 1313 992 εἴρηκε
1338 932 1513 977 Λύσιπ-

35 1030 115 1065 πος
144 1014 191 1057 ἐν
220 1010 418 1067 Βάκχαις
448 1008 663 1054 Αὖτοῖσιν
699 1007 850 1060 αὐλοῖς
884 1009 1021 1065 ὁρμαὶ
1051 1009 1138 1050 καὶ
1167 1002 1511 1063 γλωττοκομείῳ.

36 1091 155 1130 Unus
172 1076 258 1129 MS
277 1080 427 1132 αὐτοῖς
456 1090 498 1125 et
526 1080 670 1139 ἑρμαί.
702 1086 817 1126 Bene
833 1083 1057 1125 Salmasius
1088 1085 1131 1122 et
1146 1081 1363 1122 Bentleius
1378 1078 1514 1133 Epist.

37 1161 89 1201 ad
120 1158 357 1199 Hemsterh.
390 1171 428 1209 p.
454 1158 534 1196 69:
564 1152 713 1203 αὐτοῖς
743 1150 894 1202 αὐλοῖς
923 1149 1042 1209 ὁρμᾷ
1071 1151 1146 1192 καὶ
1176 1145 1519 1205 γλωττοκομείῳ,

39 1231 199 1271 tibicen
228 1230 357 1270 irruit
386 1242 471 1269 una
501 1241 595 1268 cum
623 1229 745 1269 tibiis
776 1233 819 1268 et
847 1226 1135 1280 glottocomio.
1202 1223 1438 1265 Lobeckius
1466 1220 1521 1262 ad

40 1300 198 1354 Phryn.
236 1314 276 1353 p.
308 1301 385 1340 99:
425 1295 629 1339 αὐτοῖσιν
669 1294 818 1345 αὐλοῖς
857 1286 932 1353 ᾖρέ
960 1309 1015 1350 με
1044 1295 1150 1350 Ικαὶ
1178 1286 1521 1348 γλωττοκομείῳ.

106 1480 215 1526 Οὐδ’
249 1481 516 1537 ἀνακνάψας
544 1483 620 1525 καὶ
650 1480 850 1532 θειώσας
881 1480 961 1532 τὰς
990 1479 1228 1539 ἀλλοτρίας
1256 1476 1470 1529 ἐπινοίας.

157 1586 307 1626 Pollux
336 1586 416 1628 Vll
447 1585 524 1625 41:
554 1583 629 1623 καὶ
662 1583 794 1624 θεῖον
825 1582 870 1624 δὲ
902 1582 953 1625 τό
984 1580 1234 1640 ὑπουργοῦν
1263 1578 1324 1639 τῷ
1353 1580 1526 1636 κναφεῖ,

50 1652 140 1713 ἀφ’
170 1647 223 1696 οὗ
251 1651 487 1703 Λύσιππος
522 1650 580 1694 ‘O
621 1653 648 1694 δ
656 1651 668 1664 ³
701 1652 953 1710 ἐπιγνάψας
982 1654 1074 1697 κτλ.
1135 1657 1196 1696 Ita
1227 1655 1322 1696 edd.
1352 1658 1530 1696 veteres.

50 1729 130 1771 MS
162 1729 371 1781 Iungerm.
409 1724 464 1767 σύ
503 1724 549 1766 δὲ
589 1722 867 1780 άνακνάψας.
927 1728 1031 1769 Cod.
1068 1727 1209 1768 Falck.
1250 1720 1531 1779 άναγνάψας.

51 1799 246 1841 Eundem
283 1799 419 1837 locum
458 1799 689 1850 respiciens
731 1800 879 1839 Pollux
911 1800 990 1840 Vll
1030 1799 1107 1838 37:
1159 1791 1396 1851 κναφεύειν
1444 1792 1532 1851 ἔφη

51 1862 396 1924 ’ΛριστοᾳάνηςΙ
428 1867 504 1907 καὶ
534 1864 797 1924 άναγνάψαι
826 1865 1063 1916 Λύσιππος
1091 1863 1116 1908 ὁ
1144 1863 1346 1922 κωμικός.
1376 1868 1535 1922 Scripsi

53 1953 147 1981 cum
178 1940 368 1980 Dobraeo
404 1940 456 1980 ad
486 1941 698 1994 Aristoph.
732 1943 842 1982 Plut.
875 1941 957 1980 166
1001 1936 1100 1980 οὐδ’
1131 1935 1410 1992 α’νακνάψας.
1466 1939 1535 1981 Ad

54 2011 239 2053 Bacchas
279 2015 417 2051 autem
459 2011 565 2052 haec
605 2013 748 2052 rettuli
787 2016 961 2066 propter
1006 2012 1132 2052 alium
1174 2013 1313 2052 locum
1350 2011 1536 2052 Pollucis
1599 2053 1606 2057 ,

3 2107 7 2110 >
54 2085 233 2128 V1177:
263 2080 548 2137 δευτερουργῆ
581 2079 625 2122 δὲ
640 2080 830 2136 χλαῖναν
859 2079 1056 2132 ἐκάλουν,
1087 2076 1142 2131 ἢν
1171 2081 1215 2122 οἱ
1245 2081 1325 2122 νῦν
1354 2078 1538 2135 ἐπίγνα-

57 2165 165 2209 φον,
215 2152 291 2194 καὶ
337 2151 670 2209 δευτερουργοὺς
710 2151 810 2202 τοὺς
847 2151 977 2194 τοῦτο
1016 2151 1268 2202 ποιοῦντας.
1327 2149 1440 2208 τάχα
1491 2151 1539 2193 δὲ

58 2224 188 2265 τοῦτο
217 2220 439 2275 ὑποδηλοῖ
460 2224 535 2265 καὶ
556 2221 793 2273 Λύσιππος
822 2223 869 2265 ἐν
897 2219 1108 2279 Βάκχαις.
1167 2227 1427 2267 Sententiam
1456 2225 1541 2266 loci

58 2296 236 2337 indicavi
275 2297 385 2336 Hist.
417 2298 507 2336 crit.
539 2311 580 2350 p.
611 2298 709 2337 216.
782 2297 916 2337 Recte
954 2296 1035 2336 iam
1075 2297 1290 2337 Dobraeus
1330 2298 1358 2337 l.
1390 2297 1419 2336 Ι.
1457 2295 1542 2346 „de

61 2380 109 2407 se
137 2367 322 2418 loquitur
351 2367 557 2416 comicus,
588 2367 795 2418 quomodo
827 2367 1128 2418 Aristophanes
1159 2368 1267 2407 Nuh.
1298 2365 1540 2408 538—550.

64 2437 161 2478 Pac.
190 2436 288 2476 750.
319 2437 443 2476 ‘7613’

770 2493 842 2536 V1.

178 2578 418 2619 Athenaeus
448 2578 548 2620 V111
577 2592 618 2631 p.
649 2578 797 2618 344e:
829 2577 903 2617 καὶ
933 2573 1169 2632 Λάμπωνα
1200 2575 1246 2617 δὲ
1277 2572 1353 2617 τὸν
1382 2573 1544 2631 μάντιν

65 2646 137 2689 ἐπὶ
167 2648 258 2696 τοῖς
287 2645 457 2701 ὁμοίοις
485 2651 563 2698 (sc.
591 2646 664 2689 ἐπὶ
693 2646 746 2706 τῇ
776 2645 1038 2705 ὀψοφαγία)
1066 2646 1327 2705 κωμῳδοῦσι
1342 2645 1545 2699 Καλλίας

67 2715 291 2770 Πεδήταις
319 2719 395 2760 καὶ
422 2717 656 2769 Λύσιππος
687 2716 902 2774 Βάκχαις.
978 2721 1237 2775 Hesychius,
1283 2715 1545 2775 Ἀγερσικύ-

73 2788 211 2842 βηλις.
254 2789 477 2846 Κρατῖνος
506 2788 552 2830 ἐν
581 2790 848 2846 Δραπέτισιν
878 2789 951 2832 ἐπὶ
979 2788 1247 2845 Λάμπωνος.
1300 2788 1380 2832 τὸν
1410 2788 1548 2833 αὐτὸν
