1716 3164
178 221 262 262 782
735 220 1066 264 STRATTIDIS

179 325 302 380 ἄλλο,
328 331 437 371 nihil
465 328 584 370 aliud
609 328 705 370 h.e.
736 331 802 370 ita
829 343 895 370 res
925 337 1000 372 est.
1028 331 1319 387 Theopompus
1347 335 1453 388 apud
1470 335 1619 378 Athen.

178 401 238 442 XI
264 414 305 453 p.
334 400 415 439 471
435 412 482 439 a:
523 387 595 451 ἆρ’
629 386 670 436 εἶ
692 392 936 452 κάτοπτρον
971 394 1129 453 φύσεος
1169 395 1223 450 ἢν
1259 398 1421 456 πλήρης
1457 402 1623 461 δοθῇςς

179 464 307 508 οὐδέν
321 462 421 507 ποτ’
441 463 561 509 ἄλλο.
591 493 647 501 -
678 468 748 510 Vs.
761 469 787 507 3
805 470 926 522 vulgo
944 464 1250 508 ὀπιτθοτίλαν.
1267 473 1503 515 Eustathius
1521 471 1619 514 ὀπι-

181 532 416 578 σθοτίλαν.
447 538 559 577 Idem
579 537 611 576 C
642 537 751 577 inter
779 538 921 578 lineas.
960 540 1093 590 Atque
1107 540 1164 578 ita
1180 540 1404 580 Lobeckius
1421 544 1618 596 Aglaoph.

178 620 220 660 p.
250 607 350 647 848.
410 608 554 658 Neque
584 606 702 645 aliter
731 606 902 646 Photius
933 607 1029 647 Lex.
1060 621 1099 659 p.
1129 608 1207 646 341
1242 608 1307 647 19.
1336 603 1620 650 Ὀπισθοτεί-

178 673 283 715 λανε
320 671 402 723 τὴν
429 671 594 723 σηπίαν
623 672 666 713 οἱ
692 670 923 714 Βοιώτιοι·
953 670 1145 714 ὄπισθεν
1172 670 1463 718 άποτιλιόσαν.
1518 680 1621 721 Item

178 744 423 797 Hesychius,
457 739 786 782 Ὀπισθοτίλαε
826 740 978 792 σηπία.
1043 746 1131 785 Nec
1168 746 1286 785 video
1323 759 1400 797 qua
1439 749 1624 801 analogia

178 814 347 854 alteram
394 814 636 865 scripturam
676 813 784 852 tueri
826 814 967 861 liceat,
1021 813 1098 853 nisi
1139 814 1228 865 quis
1270 815 1461 855 Boeotios
1504 817 1624 858 etiam

178 871 339 935 ἆτθμα
366 895 443 935 pro
472 871 649 934 ἆσθμα,
679 876 866 921 πότθων
894 896 968 934 pro
997 877 1200 931 πόσθων,
1225 876 1409 934 μάτθ-λα
1438 898 1512 938 pro
1540 881 1624 937 μά-

179 949 303 1000 omn
334 957 376 992 et
404 951 549 991 similia
577 952 724 991 dixisse
754 951 950 992 docuerit.
1008 951 1164 991 Ibidem
1193 951 1285 991 libri
1313 950 1524 1003 λέγουσιν.
1565 979 1621 986 --

177 1022 249 1063 Vs.
272 1021 300 1061 4
329 1021 557 1061 Lobeckius
586 1016 829 1072 ὀρταλιὸέα,
859 1016 936 1058 τὸν
964 1013 1115 1074 ἰατρὸν
1143 1008 1200 1058 αὗ
1229 1014 1407 1070 σάκταν.
1465 1024 1622 1075 Maltby

177 1089 231 1130 ad
269 1090 436 1130 Morelli
472 1090 551 1130 lex.
588 1103 698 1142 pros.
736 1103 777 1142 p.
814 1089 922 1129 574:
966 1083 1204 1143 ὀρτάλιχον,
1252 1083 1402 1144 ἰατρόν
1442 1104 1489 1143 γε
1536 1088 1624 1143 μὴν

176 1152 356 1199 σάκταν.
412 1159 555 1198 Malim
593 1154 843 1211 ὀρτάλιχον,
882 1153 1032 1210 ἰατρὸν
1071 1156 1116 1197 δὲ
1161 1155 1213 1206 δὴ
1254 1154 1430 1199 σάκταν.
1496 1161 1621 1200 Certe

175 1222 403 1283 ὀρτάλιχον
439 1240 518 1268 non
556 1229 855 1269 sollicitandum
890 1228 1064 1268 videtur.
1127 1229 1291 1279 Alioqui
1329 1229 1459 1281 possis
1498 1224 1622 1283 ὀρτά-

175 1295 287 1349 λιχα,
318 1294 394 1335 τὸν
423 1293 575 1351 ἰατρὸν
604 1297 649 1336 δὲ
680 1293 748 1346 δή.
778 1299 970 1338 Fortasse
994 1297 1110 1349 plura
1140 1298 1275 1337 omisit
1303 1298 1622 1338 Athenaeus.—

175 1367 246 1408 Vs.
266 1365 294 1406 5
323 1360 488 1404 σάκταν
517 1368 809 1419 interpretatur
837 1367 1120 1419 saginatorem
1146 1367 1399 1415 Eustafflius,
1429 1362 1515 1405 ἀπὸ
1544 1360 1642 1405 roff

176 1430 364 1475 σάττειν.
396 1436 513 1487 Quod
545 1437 714 1476 Photius
736 1450 776 1488 p.
793 1436 876 1474 500
905 1436 931 1474 3
960 1436 1082 1475 tradit
1111 1430 1274 1482 σάκτας
1304 1436 1356 1475 de
1384 1440 1500 1488 parte
1529 1449 1619 1476 mu-

175 1505 287 1545 lieris
318 1504 412 1553 dici,
441 1505 484 1544 id
514 1506 665 1546 rectius
695 1505 885 1545 scribitur
915 1499 1062 1552 σάκας,
1091 1510 1137 1544 ut
1153 1508 1215 1544 est
1231 1505 1339 1557 apud
1352 1506 1618 1558 Hesychium.

175 1574 332 1615 Ibidem
362 1571 560 1627 βέφυραν
585 1576 728 1628 scripsi
757 1586 832 1626 pro
863 1586 911 1614 eo
942 1575 1050 1626 quod
1080 1575 1199 1615 codd.
1215 1575 1368 1614 habent
1397 1572 1621 1628 βλέφυραν

177 1641 237 1684 δέ.
265 1644 338 1685 VL
369 1641 597 1697 φλέφυραν
629 1641 688 1685 δέ.
718 1670 772 1676 -—
802 1644 909 1684 Vs.7
939 1641 984 1681 δὲ
1012 1641 1238 1695 κριδδέμεν
1268 1644 1460 1684 Valcken.
1489 1644 1621 1695 Epist.

175 1713 227 1753 ad
265 1713 394 1753 Roev.
431 1726 471 1765 p.
504 1714 687 1754 LXXVI.
747 1713 881 1764 Vulgo
920 1709 970 1749 δ’
1003 1710 1261 1765 ἐκκριδέμεν.
1319 1712 1492 1751 Codices
1530 1711 1621 1751 fere

176 1780 222 1821 δὲ
250 1778 570 1835 ἐκκριδαίωμεν.
605 1807 659 1813 —
690 1783 800 1822 Vs.8
829 1776 1110 1820 νεοκάττυτον
1138 1771 1165 1837 ᾗ
1195 1780 1619 1832 Schweighaeuserus.

173 1846 455 1890 νεοκάττυτον
487 1852 570 1892 VL.
629 1846 942 1899 νεοκαττυτόνη
973 1852 1021 1891 A.
1090 1852 1170 1891 Pro
1207 1844 1513 1888 νεασπάτωτον
1542 1850 1620 1889 Ca-

175 1921 378 1972 sauhonus
406 1919 560 1959 frustra
589 1915 903 1959 νεοσπάτωτον.
968 1921 1019 1961 V.
1051 1921 1229 1960 Lobeck.
1261 1919 1312 1958 ad
1342 1918 1493 1969 Phryn.
1523 1918 1619 1958 661.

174 1989 370 2030 Ceterum
400 1989 508 2041 quod
538 1989 774 2029 Athenaeus
804 1989 1021 2028 Thebanos
1058 1989 1260 2028 translatis
1293 1987 1375 2027 illis
1412 1987 1619 2026 vocabulis

174 2059 350 2099 novandi
385 2058 520 2098 studio
557 2070 653 2098 usos
691 2071 782 2098 esse
818 2058 983 2108 scribit,
1021 2058 1118 2098 satis
1154 2057 1364 2110 redarguit
1393 2056 1619 2096 Lobeckius

173 2127 375 2180 Aglaoph.
405 2127 433 2167 l.
465 2127 494 2167 l.

862 2182 933 2224 IV.

284 2266 504 2306 Erotianus
533 2265 632 2305 Lex.
661 2265 861 2317 Hippocr.
892 2278 932 2317 p.
963 2264 1058 2304 244.
1088 2257 1428 2316 Λεβηρίδοςε
1460 2253 1620 2312 ὑμενώ-

175 2331 276 2380 δους
303 2330 626 2387 ἀποσύρματος,
669 2326 774 2387 ὅπερ
801 2331 894 2376 ἐστὶ
923 2331 971 2371 τὸ
1001 2330 1085 2370 τῶν
1114 2328 1260 2385 ὄφεων
1289 2326 1517 2382 λεγόμενον
1544 2326 1620 2380 γῆ-

176 2414 266 2453 ρας,
295 2398 352 2449 ὥς
388 2403 462 2442 καὶ
492 2398 823 2456 Ἀριστοφάνης
856 2399 902 2440 ἐν
939 2396 1207 2456 Ἀμφιαράῳ
1234 2400 1308 2439 καὶ
1335 2393 1546 2451 Στράττις
1574 2395 1620 2435 ἐν

180 2467 452 2519 Φοινίσσαις.
529 2473 773 2525 Hesychius,
814 2468 1082 2524 Γυμνότερος
1130 2466 1375 2521 λεβηρίδοςε
1419 2464 1620 2519 Ἀριστο-
1691 2486 1693 2507 ι

171 2533 317 2591 ,φάνης
355 2538 492 2592 φησί,
530 2538 788 2595 τυφλότερος
825 2536 1063 2592 λεβηρίδρς.
1134 2539 1273 2590 ltaque
1312 2537 1522 2589 probabile
1557 2540 1619 2575 est
1689 2569 1691 2586 ,

177 2609 323 2649 eodem
351 2610 524 2651 similive
541 2612 757 2664 proverbio
788 2611 908 2650 etiam
924 2609 1094 2651 Strattin
1123 2620 1240 2652 usum
1270 2619 1374 2647 esse.
1404 2604 1478 2644 Cfr
1492 2604 1618 2645 Athe-

177 2690 304 2718 naeus
319 2678 418 2720 Vlll
449 2682 582 2731 p.362
600 2683 638 2722 b.
668 2675 831 2720 σαυτὸν
861 2673 911 2717 δ’
945 2672 1202 2731 ἀποφαίνεις
1234 2672 1459 2727 κενότερον
1487 2671 1621 2724 λεβηε
1683 2647 1709 2728 4]

177 2742 309 2799 ρίδος.
365 2748 483 2789 Adde
512 2749 639 2801 intpp..
671 2748 933 2802 Alciphronis
964 2747 1023 2789 111
1053 2747 1120 2791 19..
