1716 3164
227 154 311 194 770
786 147 1119 190 STRATTIDIS

911 256 1003 299 Vll.

341 340 572 398 'Scholiasta
602 338 808 392 Aristoph.
839 337 1044 380 Plut.55o
1082 333 1202 390 ὑμεῖς
1229 334 1269 391 y'
1301 332 1422 394 οἵπερ
1450 340 1524 381 καὶ
1559 339 1676 397 Θρα-

232 406 431 464 συβούλῳ
446 405 673 448 Διονύσιον
701 398 813 447 εἶναι
842 403 1014 461 ὁμοῖον]
1046 403 1212 459 μήποτε
1239 404 1263 447 ὁ
1292 405 1576 460 ἀξιωματικός
1602 413 1699 452 xaz'

234 476 456 528 αὐθάδης,
485 476 545 525 ιᾶς
573 473 783 532 Στράττις
811 476 857 516 ἐν
885 475 943 533 τῷ
972 472 1184 531 Κινησίᾳ.
1226 474 1448 526 Διονύσιος
1477 478 1522 519 δὲ
1551 477 1574 520 ὁ
1601 480 1680 534 μέν

235 564 299 597 τις
329 545 532 603 φαίνεται
561 542 834 600 μαινόμενος,
865 543 888 586 ὁ
918 546 977 598 δέ,
1006 542 1063 593 ὠς
1092 542 1242 594 ἔοικεν,
1264 539 1552 598 ἰχθυοπώλης.
1584 552 1681 600 „ln-

235 621 359 660 dicari
392 619 552 658 videtur
581 618 884 669 Thrasybulus,
924 618 1042 658 cuius
1083 618 1130 655 fit
1159 617 1310 656 mentio
1340 617 1381 655 in
1412 618 1678 660 Eccles.203.

235 690 338 729 Nam
372 688 428 727 ibi
462 700 624 739 quoque
661 686 904 726 describitur
941 700 965 725 a
993 685 1216 725 scholiaste
1253 679 1461 734 αὐθάδης
1493 686 1567 726 καὶ
1595 686 1683 726 δω-

235 752 412 809 ροδόκος
453 756 566 806 (vid.
598 768 635 794 v,
669 755 783 805 356)
822 759 865 794 et
903 749 1144 805 ὑπερόπτης
1181 751 1258 794 τοῦ
1298 750 1452 805 δήμου.
1517 735 1713 810 Idemnel

233 826 358 865 fuerit
387 825 456 877 qui
487 825 736 876 Collytensis
766 836 919 872 necne,
959 836 1040 862 non
1080 822 1405 864 affirmaverim.”
1469 825 1684 865 Hemster-
1712 830 1714 881 ᾗ

237 895 395 934 husius.
469 895 584 945 Quae
626 893 876 932 Fritzschius
920 892 972 931 de
1011 892 1294 943 Aristophanis
1336 893 1427 933 loco
1465 893 1716 946 disputavitl

239 965 405 1015 Quaest.
443 961 650 1014 Aristoph.
682 961 699 1001 1
730 975 768 1014 p.
797 961 893 1009 236,
932 962 974 1001 in
1010 973 1090 1013 quo
1138 961 1209 1000 ille
1248 962 1440 1013 Dionysio
1477 949 1716 1026 substituit}

238 1032 483 1083 Dionysum,
534 1044 654 1082 quem
695 1031 943 1083 Thrasybuli
981 1030 1149 1070 fratrem
1186 1030 1313 1070 fuisse
1353 1031 1428 1071 sibi
1469 1033 1716 1086 persuasifi}

239 1113 410 1152 magnae
448 1101 621 1140 obnoxia
660 1105 755 1140 sunt
791 1099 1047 1139 dubitationi.
1114 1099 1213 1148 Quis
1250 1100 1356 1139 enim
1395 1101 1567 1151 antiquis
1603 1101 1685 1142 illis
1715 1099 1716 1103 ’

238 1170 492 1221 temporibus
522 1164 730 1214 Διόνυσος
759 1169 883 1208 Attici
914 1169 1011 1208 civis
1041 1181 1188 1207 nomen
1219 1181 1309 1207 esse
1348 1169 1527 1209 audivit?
1574 1171 1685 1210 Ami-

239 1239 346 1290 psias
376 1238 539 1288 quidem
570 1243 611 1277 et
640 1238 809 1290 Eupolis
839 1242 881 1276 et
911 1238 1113 1285 Cratinus,
1144 1248 1245 1288 quos
1274 1250 1311 1277 v.
1328 1238 1379 1277 cl.
1409 1242 1536 1278 testes
1561 1240 1682 1278 advo-

240 1312 326 1355 cat,
357 1320 438 1345 non
478 1307 530 1345 de
560 1307 726 1346 homine
756 1307 977 1357 loquuntur
1008 1306 1082 1344 sed
1113 1306 1165 1344 de
1195 1308 1367 1346 Baccho.
1433 1307 1479 1346 Iu
1510 1308 1683 1347 Bekkeri

240 1380 375 1415 autem
407 1375 561 1415 Anecd.
591 1388 632 1426 p.
662 1375 746 1413 410
776 1375 815 1413 1.
854 1375 922 1413 ubi
952 1374 1217 1425 Antigenidas
1256 1370 1346 1421 ὑιὸς
1374 1371 1584 1414 Διονύσου
1622 1377 1684 1415 di·

241 1446 371 1492 citur,
409 1444 630 1496 legendum
667 1448 730 1483 est
757 1438 1000 1482 Διονυσίου.
1067 1443 1115 1484 V.
1145 1456 1248 1495 quae
1286 1445 1471 1484 dicentur
1500 1445 1549 1484 ad
1578 1447 1684 1484 Ana-

241 1514 446 1553 xandridis
467 1514 622 1552 Protes.
646 1513 662 1551 1
682 1525 738 1551 vs.
757 1512 823 1552 16.
881 1511 1213 1562 Antiquissimum
1243 1518 1283 1552 et
1312 1512 1485 1553 fortasse
1514 1514 1682 1553 unicum

243 1583 349 1634 apud
395 1582 671 1622 Athenienses
715 1580 889 1619 nominis
933 1575 1143 1626 Διόνυσος
1196 1584 1426 1634 exemplum
1485 1583 1682 1623 habemus

242 1651 348 1703 apud
379 1651 629 1690 Boeckhium
660 1650 783 1701 Corp.
814 1649 1050 1689 [nscrsvot.
1082 1650 1099 1690 1
1130 1664 1170 1702 p.
1189 1652 1269 1691 193
1298 1653 1339 1691 in
1368 1652 1486 1691 titulo
1516 1653 1684 1692 secundi

241 1724 335 1772 post
366 1720 575 1759 Christum
615 1718 790 1766 saecuti,
829 1719 897 1757 ubi
927 1725 1266 1759 commemoratur
1296 1721 1488 1760 Musaeus
1515 1722 1684 1773 Dionysi

241 1789 363 1828 filius.
421 1788 504 1828 Sed
533 1788 622 1839 quis
652 1791 831 1839 praestet
860 1800 910 1826 ne
939 1787 1049 1827 hunc
1077 1788 1239 1839 quidem
1264 1790 1486 1842 Dionysum
1517 1804 1596 1830 non
1627 1791 1682 1830 ci-

243 1870 333 1896 vem
370 1857 441 1896 sed
473 1857 629 1896 servilis
667 1856 873 1895 hominem
905 1856 1032 1896 fuisse
1062 1858 1341 1898 condicionis?
1405 1859 1541 1899 Servis
1572 1860 1679 1899 enim

244 1926 324 1966 hoc
354 1939 501 1965 nomen
532 1926 681 1978 passim
710 1924 838 1965 fuisse
865 1925 1111 1977 impositum,
1143 1939 1191 1966 ex
1222 1927 1415 1968 Petronio
1446 1934 1615 1970 constat.

914 2036 1026 2077 V111.

355 2117 572 2166 Erotianus
601 2118 751 2170 Expos.
781 2131 868 2158 voc.
898 2118 1024 2170 Hipp.
1053 2131 1093 2171 p.
1123 2119 1219 2158 216.
1259 2120 1310 2159 de
1339 2115 1566 2174 καμμόρῳ,
1597 2133 1680 2160 me-

244 2187 470 2227 dicamento
500 2185 806 2239 refrigeratorio
837 2188 1062 2227 disserens:
1089 2182 1165 2238 ἐφ’
1191 2184 1342 2239 ἱδρῶσι
1370 2185 1416 2226 δὲ
1445 2187 1681 2242 παραλαμ-

244 2251 366 2306 βάνιι
394 2250 609 2309 Στράττιν
636 2254 682 2294 ἐν
711 2257 906 2307 κυνηγοῖς
935 2257 1045 2308 (leg4
1078 2253 1296 2310 Κινησίᾳ)
1326 2254 1518 2309 λέγοντα.
1579 2260 1679 2298 Cor-

242 2330 361 2377 rupta
400 2326 520 2372 haec,
559 2330 600 2365 et
637 2326 724 2366 sine
764 2326 959 2366 librorum
998 2338 1078 2378 ope
1116 2326 1178 2365 vix
1221 2326 1410 2367 sananda.
1467 2327 1541 2367 Cfr
1573 2328 1679 2367 nist.

243 2394 330 2433 crit.
362 2407 400 2446 p.
431 2395 526 2434 231.
