1716 3164
177 150 284 191 noo
700 143 1060 188 ARISTOPHAN
1065 147 1113 188 18

816 286 866 326 V.
925 285 995 327 Vl.

289 366 559 410 An‘tiatticista
590 367 763 407 Bekkeri
793 381 833 420 p.
863 369 918 407 98
954 368 1002 408 1:
1051 361 1447 418 Ζυμὴσασθαι·
1491 364 1620 422 Ἀρι-

182 431 404 490 στοφᾶνης
433 432 665 488 Νεφέλαις.
722 437 974 478 Fritzschius
1004 451 1043 490 p.
1076 437 1156 475 168
1186 430 1496 487 ζημιώσασθαι
1523 439 1622 479 scri-

180 508 274 561 psit,
304 506 479 547 fortasse
509 509 635 545 recte.
680 532 731 539 —
779 507 890 547 Idem
920 521 959 559 p.
995 506 1074 546 105
1104 508 1153 546 2:
1184 503 1472 558 Κόλασμα·
1502 503 1622 562 Ἀρι-

180 570 401 630 στοᾳῖάνης
431 572 662 628 Νεφέλαις.

866 657 959 700 Vn.

290 739 521 782 Scholiasta
550 740 645 780 Pac.
661 740 740 779 912
761 734 884 792 ’Έφη
913 737 960 778 δὲ
987 739 1062 780 καὶ
1089 739 1136 780 ἐν
1165 741 1260 789 ταῖς
1288 738 1506 795 Νεφέλαις
1532 752 1624 792 με-

180 808 555 864 τεωρολέσχας
584 805 682 855 τοὺς
706 804 986 862 φιλοσόφους,
1017 803 1085 849 ὅτι
1113 807 1167 850 τὰ
1197 806 1376 864 οὐράνια
1407 806 1627 863 περινοοῦ-
1711 851 1716 862 Υ,

181 890 268 919 σιν.
348 878 526 918 Dubium
564 882 699 918 tamen
739 879 841 928 hoc,
887 892 978 919 nam
1019 880 1195 921 fortasse
1234 881 1518 933 grammaticus
1558 880 1637 918 ille
1711 884 1713 890 ⁴

181 962 264 990 non
294 952 377 988 tam
406 948 600 996 verbum,
630 960 749 998 quam
777 948 907 1000 ipsam
936 962 1023 989 rem
1053 951 1227 998 notavit,
1258 953 1299 989 et
1328 954 1496 1002 propter
1523 949 1626 988 illud

182 1018 363 1058 studium
393 1016 581 1056 similiter
610 1017 861 1070 castigantur
889 1018 1085 1060 Socratici
1113 1019 1155 1061 iu
1183 1019 1367 1060 Nubibus
1397 1018 1462 1068 11,
1499 1017 1625 1058 veluti

182 1099 220 1128 v.
249 1086 332 1127 360
361 1085 413 1126 al.

859 1169 971 1210 vul.

294 1250 500 1302 Diogenes
531 1249 718 1291 Laertius
749 1251 786 1291 11
818 1252 895 1291 18:
922 1246 1090 1291 Ἐδόκει
1120 1248 1166 1290 δὲ
1194 1244 1484 1305 (Σωκράτης)
1517 1262 1626 1302 συμ-
1708 1291 1716 1313 s

183 1317 323 1359 ποιεῖν
352 1312 580 1375 Εὐριπίδῃ,
612 1313 724 1358 ὅθεν
753 1344 806 1350 -
835 1318 908 1359 καὶ
939 1316 1137 1367 Καλλίας
1159 1315 1392 1370 Πεδήταις,
1417 1313 1628 1373 Ἀριστο-
1709 1319 1716 1376 ξ

183 1382 328 1442 φάνης
368 1385 608 1440 Νεφέλαις·
650 1382 913 1441 [Εὐριπίδης
955 1387 982 1427 δ
995 1384 1007 1398 '
1045 1384 1068 1428 ὁ
1107 1385 1181 1436 τὰς
1217 1384 1457 1443 τραγῳδίας
1492 1387 1628 1428 ποιῶν
1711 1390 1716 1397 ⁵

189 1453 277 1503 Τὰς
306 1450 621 1508 περιλαλούσας
649 1447 774 1504 οὗτός
810 1455 902 1496 ἐστι
930 1453 1007 1505 τὰς
1036 1453 1213 1511 σοφάς.]
1271 1459 1380 1498 Sane
1407 1459 1468 1498 ini
1485 1472 1625 1498 versus

183 1539 265 1568 uon
295 1529 389 1566 sunt
418 1525 701 1577 Aristophanis
731 1540 779 1566 ex
808 1527 1008 1576 Nubibus,
1037 1528 1110 1567 sed
1133 1528 1368 1568 Teleclidae
1398 1540 1447 1568 ex
1475 1528 1624 1568 Hesio-

184 1595 246 1636 dis
263 1594 360 1643 (cfr.
379 1593 573 1634 Meineke
590 1595 628 1635 11
661 1596 683 1635 1
715 1609 755 1648 p.
772 1595 876 1646 37⁴2)
907 1599 947 1636 at
973 1596 1058 1636 veri
1088 1601 1222 1637 tamen
1253 1597 1385 1637 simile
1414 1601 1476 1637 est
1505 1597 1625 1636 etiam

185 1663 500 1716 Aristophanem
530 1663 572 1704 in
602 1664 681 1705 hac
709 1666 919 1706 comoedia
935 1677 984 1707 eo
1002 1665 1165 1706 nomine
1177 1665 1387 1706 Socratem
1404 1665 1625 1705 vexavisse.

872 1786 942 1827 IX.

295 1865 465 1907 Suidas=
507 1860 582 1905 Οὐ
609 1863 772 1919 μετὸν
801 1863 966 1924 αὐτῷ·
1006 1863 1106 1907 ἀντὶ
1134 1865 1212 1907 τοῦ
1240 1861 1318 1906 οὐκ
1344 1861 1452 1917 ἐξόν.
1504 1860 1628 1920 Ἀρι-

185 1929 409 1987 στοφάνης
435 1932 665 1989 Νεφέλαις.
734 1937 928 1978 Fortasse
963 1949 1104 1979 verum
1134 1941 1219 1987 est,
1259 1937 1368 1989 quod
1396 1936 1628 1975 Dindorfius

183 2015 224 2055 p.
256 2004 308 2042 19
344 2007 510 2053 censet,
561 2005 727 2045 Suidam
769 2020 818 2046 ex
854 2019 979 2059 pravo
1019 2019 1160 2047 errore
1195 2007 1299 2046 haec
1335 2006 1519 2046 Nubibus
1555 2005 1626 2044 tri-

184 2072 348 2120 buisse,
383 2071 432 2147 'in
467 2072 762 2115 Ecclesiazusis
800 2087 837 2115 v.
876 2076 957 2116 667
998 2075 1170 2128 legitur-2
1208 2072 1312 2121 Πῶς
1348 2070 1431 2128 γὰρ
1466 2071 1627 2127 κλέψει,

182 2151 315 2194 μετ-ον
341 2151 471 2195 αυτῳ.

867 2252 919 2295 Χ.

350 2328 456 2380 Παῖς
484 2327 537 2371 οὐ
564 2329 761 2386 δέχονται
790 2332 902 2385 δῆτα
931 2334 984 2393 τῇ
1010 2333 1227 2391 νουμηνίᾳ

347 2412 477 2469 ἁρχαὶ
504 2411 559 2453 τὰ
587 2412 831 2470 πρυτανεῖ’,
862 2413 963 2457 ἀλλ’
995 2415 1070 2476 ἕνῃ
1099 2432 1144 2459 τε
1172 2419 1248 2459 καὶ
1274 2417 1375 2473 νέας

348 2501 404 2544 Β.
426 2495 568 2559 ’Όπερ
596 2504 639 2558 οἱ
668 2505 912 2560 προτένθαι
940 2505 1022 2561 γὰρ
1052 2504 1228 2548 δοκοῦσί
1254 2519 1331 2559 μοι
1360 2503 1537 2556 παθεῖν,

347 2580 408 2624 ἵν’
438 2581 495 2634 ὥς
523 2584 705 2641 τάχιστα
733 2587 788 2628 τὰ
815 2587 1041 2645 πρυτανεῖ’
1074 2588 1319 2647 ὑφελοίατο,

347 2664 421 2707 διὰ
449 2668 578 2710 τοῦτο
606 2667 964 2725 προύτένθευσαν
990 2671 1129 2731 ἡμέρᾳ
1157 2672 1251 2729 μιᾷ.
