1716 3158
596 169 642 210 Σ
643 165 966 211 ΦΕΝΛΟΝΗ.
1434 168 1520 208 wo

38 290 90 332 ab
121 287 211 330 aliis
248 287 372 327 allato
404 285 531 339 Vesp.
563 286 640 326 17:
683 280 987 340 ἆναρπάσασα
1026 282 1116 331 τοῖς
1154 276 1305 332 ὄνυξεν
1344 275 1517 320 ἀσπίδα

38 358 186 414 ([έρειν
216 353 450 411 ἐπίχαλκον
479 352 635 403 ἀνεκὰς
665 349 724 403 εἷς
755 353 834 395 τόν
869 350 1074 410 οὐρανόν.
1144 354 1342 405 ldemque
1371 352 1411 392 in
1442 364 1517 392 no-

38 434 125 471 stro
163 430 255 470 loco
296 429 535 481 requirebat
577 428 765 480 Toupius
796 428 973 467 Emend.
1007 426 1086 466 vol.
1119 425 1176 466 1V
1206 439 1247 478 p.
1279 425 1377 473 239,
1416 435 1515 464 con-

35 502 182 542 iiciens
209 500 306 549 ille,
346 495 456 552 πρὸς
485 496 729 544 Πλαταιεῖς
758 493 946 545 ἀσπίδος
976 492 1214 550 Ιᾶπὲβαλε..
1275 495 1357 535 Pro
1388 492 1517 533 Πλα-

5 570 205 622 .ταιαῖς,
244 570 354 623 quod
392 583 441 609 ex
483 569 626 608 codice
666 563 812 608 Seberi
854 569 1116 621 recepimus,
1162 566 1260 606 olim
1299 565 1517 618 legebatur

34 640 226 688 πλατεῖς.
289 641 428 681 Codex
461 640 580 681 Voss.
612 635 881 690 Πλαταίῦυς,
910 640 1023 683 idem
1054 653 1077 678 a
1108 652 1162 678 m.
1194 650 1227 677 S.
1259 633 1516 687 Πλαταιεῖς,

5 738 7 740 v
34 714 139 754 alius
168 713 275 753 liber
302 705 562 760 Πλαταιῆς,
604 710 645 751 in
677 723 758 763 quo
789 709 1140 758 Hemsterhusio,
1171 708 1242 760 qui
1272 704 1517 754 Πλαταιεῖς

34 784 176 833 edidit,
205 778 442 830 Πλαταιῆς
473 782 603 822 latere
633 782 865 823 videbatur.
897 782 1079 823 Atticum
1112 783 1223 820 esset
1242 776 1512 825 Πλαταιέας,

0 854 7 905 ι’
32 859 79 895 ut
107 855 261 894 diserte
290 853 494 905 praecipit
524 853 808 903 Herodianus,
838 856 885 893 ut
914 852 1092 901 videtur,
1123 850 1231 903 apud
1255 850 1515 904 Stephanum

31 927 131 978 Byz.
162 936 195 965 s.
225 937 263 964 v.
294 918 543 962 Πλαταιαί
614 916 872 976 Quamquam
914 923 1037 963 etiam
1069 919 1305 971 Πλαταιῆς
1344 921 1516 962 defendi

33 1009 160 1050 posse
191 995 369 1036 videtur.
406 994 503 1036 vid.
535 994 646 1035 Hist.
679 996 768 1036 crit.
799 1009 840 1048 p.
870 994 968 1035 469.
1027 985 1112 1035 Sed
1141 994 1243 1033 illud
1273 990 1517 1040 Πλαταιεῖς

0 1056 5 1106 l
32 1067 98 1107 vel
127 1062 363 1114 Πλαταιῆς
408 1079 499 1106 eam
545 1079 710 1119 quoque
753 1067 805 1106 ob
855 1078 1041 1106 caussam
1086 1065 1189 1105 ferri
1234 1077 1316 1105 non
1360 1064 1514 1118 potest,

0 1123 1 1127 Ἰ
0 1138 144 1190 quod
176 1138 455 1178 Athenienses
485 1149 695 1189 nunquam
734 1141 878 1178 contra
909 1138 1177 1177 Plataeenses
1208 1149 1322 1176 arma
1351 1136 1514 1189 cepisse

0 1213 206 1269 gconstat.
281 1209 415 1248 Unice
450 1207 578 1259 igitur
615 1221 760 1250 verum
800 1209 964 1250 videtur
1004 1204 1112 1263 πρὸς
1143 1204 1423 1258 Πλαταιαῖς,
1461 1206 1514 1247 de

0 1271 5 1336 ’ζ
33 1292 115 1333 quo
146 1279 243 1320 vide
272 1279 383 1320 Hist.
414 1278 505 1319 crit.
535 1291 576 1331 p.
609 1280 706 1322 204.

677 1459 680 1462 ι
724 1403 797 1445 1v.

76 1524 79 1525 ν
140 1494 381 1537 Athenaeus
399 1493 458 1534 IX
487 1507 528 1547 p.
545 1494 630 1534 408
647 1507 694 1534 e:
725 1488 755 1542 ἡ
785 1488 948 1534 πλείων
979 1492 1025 1534 δὲ
1050 1490 1207 1549 χρῆσις
1234 1490 1374 1534 κατὰ
1401 1506 1511 1547 χει-

30 1562 120 1623 ρός
149 1558 291 1619 ὕδωρ
327 1561 462 1604 εἴωθε
493 1562 656 1618 λέγειν,
694 1560 753 1613 ὥς
777 1560 977 1614 Ἐὔπολις
1013 1564 1061 1606 ἐν
1094 1563 1259 1622 Χρυσῷ
1295 1563 1408 1618 γένει
1435 1563 1511 1606 καὶ

0 1635 4 1704 s
31 1632 278 1692 Ἀμειψίας
307 1632 557 1692 Σφενδόνῃ.
618 1637 693 1678 Cfr
722 1637 959 1680 Lobeckius
989 1638 1041 1680 ad
1070 1639 1225 1696 Phryn.
1257 1651 1296 1692 p.
1328 1638 1397 1678 3⁰.

741 1762 791 1804 V.

0 1864 5 1918 ᾗ
60 1864 63 1867 ·
143 1845 292 1885 Pollux
323 1844 382 1885 IX
412 1846 488 1884 96:
520 1841 566 1883 ἐν
599 1841 645 1884 δὲ
675 1844 728 1902 τῇ
758 1843 838 1887 τοῦ
862 1842 1112 1900 Ἀμειψίου
1140 1840 1376 1901 Σφενδόνῃ
1405 1836 1436 1885 ὅ
1461 1858 1508 1885 τε

28 1910 189 1970 τρόπος
218 1909 463 1964 δεδήλωται
493 1913 571 1963 τῆς
600 1913 779 1969 κυβείας
806 1917 882 1965 καὶ
912 1914 1200 1972 προσείρηται
1229 1909 1299 1958 ὅτι
1337 1914 1403 1965 εἴη
1442 1912 1506 1956 τό

0 1983 5 2027 ἑ
29 1985 209 2042 τρῆμα
245 1998 392 2040 μναα
405 1986 510 2036 ἴον,
545 1980 604 2034 ὠς
634 1985 754 2039 μνᾶν
783 1984 931 2028 αὐτῶν
959 1985 1382 2042 ἐπιὸίἀτεθειμένων
1411 1981 1508 2027 ἑκά-

0 2044 4 2079 ¹,
29 2072 118 2114 στῳ
132 2051 262 2113 κύβῳ.
294 2059 356 2098 lta
387 2057 540 2098 codicis
568 2058 793 2101 lectionem
825 2058 882 2100 τὸ
911 2060 1333 2114 τριμαμνααΐον
1362 2073 1507 2101 emen-

5 2131 140 2171 *davit
171 2130 518 2182 langermannus‚
559 2129 677 2170 cuius
718 2131 824 2172 haec
856 2137 919 2173 est
950 2132 1185 2172 annotatio:
1227 2133 1326 2182 „Ait
1357 2132 1505 2173 Pollux

29 2201 71 2240 in
101 2200 308 2253 Amipsiae
338 2199 592 2253 Sphendona
632 2203 827 2255 explicari
857 2204 1026 2245 modum
1056 2198 1235 2255 κυβείας
1265 2208 1307 2243 et
1335 2203 1508 2255 insuper

0 2261 2 2309 s
29 2272 125 2312 addi
154 2266 205 2310 τὸ
234 2268 379 2324 τρῆμα
407 2269 612 2322 μνααῖον.
655 2270 801 2327 τρῆμα
831 2275 901 2315 hic
930 2276 1041 2315 idem
1073 2288 1166 2316 cum
1197 2287 1261 2323 eo,
1292 2273 1404 2325 quod
1433 2286 1505 2314 au-

0 2374 2 2382 ,
28 2346 97 2381 tea
124 2336 331 2394 τρύπημα
365 2342 608 2393 appellavit,
638 2350 825 2396 punctus
855 2347 902 2385 in
931 2352 1111 2395 tessera,
1151 2341 1202 2383 τὸ
1233 2341 1397 2393 δηλοῦν
1424 2339 1505 2383 τὸν

0 2406 228 2472 ὲάριθμὸν
256 2407 343 2449 τῶν
371 2408 647 2462 βληθέντων.
719 2414 765 2454 ld
795 2429 893 2456 vero
922 2416 1117 2469 μνααῖον
1145 2420 1278 2466 vocat,
1309 2415 1404 2468 quia
1434 2416 1498 2456 ni-

2 2484 189 2532 ,mirum‚
222 2486 267 2523 ut
293 2484 383 2536 ipse
413 2483 604 2535 explicat,
634 2485 744 2526 mina
773 2491 862 2528 erat
886 2490 1099 2543 proposita
1129 2489 1172 2530 in
1202 2488 1386 2543 singulas
1415 2491 1501 2530 tes-

0 2548 141 2620 }seras
169 2554 349 2595 vincenti
379 2554 651 2608 praemium.''

612 2738 879 2748 -Ἤ-η.
