1716 3164
599 167 709 211 ΔΑΙ
715 164 961 215 ΤΑΛΕΙΣ.
1403 164 1516 207 1083

43 287 151 342 tulgi
186 282 512 334 consuetudine,
551 283 746 337 quodque
786 282 952 325 Solonis
982 279 1144 334 legibus
1185 282 1249 321 est
1276 278 1516 333 proprium:

37 354 209 399 ὀπυίειν
231 360 385 404 autem,
416 355 495 395 etsi
519 355 738 407 legebatur
757 355 797 394 in
817 354 906 394 istis
928 352 1092 401 tabulis,
1123 351 1205 392 vid.
1222 350 1332 390 Plut.
1350 349 1420 390 vit.
1438 349 1516 389 So-

36 429 106 471 lon
123 429 229 468 c.20
258 432 397 467 tamen
427 430 470 466 et
498 426 549 466 ab
566 426 750 466 Homero
782 429 846 464 est
875 423 1041 476 saepius
1071 426 1329 474 usurpatum,
1358 425 1405 460 ut
1433 432 1517 460 non

36 499 222 553 potuerit
259 498 448 550 ignotum
491 509 584 538 esse
620 496 759 536 iuveni
797 494 928 548 probe
959 492 1193 547 pudiceque
1227 492 1434 541 educato,
1474 495 1519 532 et

36 571 87 611 ab
120 570 211 623 ipso
243 568 520 621 Aristophane
548 567 590 607 in
617 565 955 607 Acharnensibus
987 576 1023 603 v,
1050 562 1134 602 255
1165 561 1411 612 adhibitum,
1441 563 1518 602 ita-

37 654 120 694 que
168 634 416 679 ἀποινᾶν
463 637 646 686 correxi,
686 635 797 688 quod
844 636 886 675 in
933 633 1099 674 Solonis
1141 632 1304 685 legibus
1354 634 1520 673 videtur

37 714 282 764 usurpatum
321 708 475 757 fuisse,
514 708 596 747 dixi
635 707 754 760 plura
793 705 846 746 de
883 706 965 746 hoc
995 706 1088 746 loco
1119 706 1161 745 in
1192 703 1519 745 Zimmermanni

41 781 190 823 Annal.
221 779 331 819 1836
359 792 401 831 p.
429 779 483 817 81
516 791 604 830 sqq.
672 777 718 817 ln
755 777 836 817 hoc
882 777 974 817 loco
1015 782 1154 817 autem
1194 775 1373 829 primum
1402 778 1520 827 pater

41 851 302 905 explorabat,
342 862 439 890 num
469 849 581 889 filius
611 849 653 888 in
691 848 794 888 urbe
832 847 1032 888 educatus
1063 848 1160 888 satis
1190 851 1378 887 versatus
1409 847 1522 886 esset

0 950 1 953 =
48 923 91 963 in
108 921 282 962 Homeri
303 920 563 969 carminibus,
592 931 699 971 quae
727 918 837 971 apud
867 919 1056 971 antiquos
1086 919 1181 959 illos
1211 930 1414 958 summam
1443 916 1518 956 ob·

0 979 2 1007 1
40 994 226 1034 tinebant
254 990 565 1040 auctoritatem,
601 989 650 1030 iis
680 1002 804 1038 vero,
835 990 904 1041 qui
935 989 1091 1030 novitia
1121 989 1338 1042 disciplina
1367 987 1519 1028 imbuti

0 1061 19 1120 μ’
37 1067 178 1112 erant,
215 1075 348 1115 prope
384 1061 703 1101 sordescebant:
743 1064 887 1100 contra
917 1072 1016 1099 vero
1047 1060 1269 1113 impudens
1299 1059 1374 1099 ille
1402 1058 1520 1098 iuve-

0 1144 2 1148 “
40 1134 128 1184 nis,
167 1146 217 1173 ex
252 1132 407 1180 fratre,
447 1132 518 1184 qui
549 1144 646 1171 rure
676 1130 873 1171 adsuetus
903 1134 993 1170 erat
1022 1132 1218 1183 antiquae
1249 1128 1521 1182 simplicitati,

0 1215 3 1265 ζγ
39 1217 138 1247 num
169 1203 333 1243 Solonis
362 1203 478 1255 leges
519 1202 742 1255 legumque
771 1201 975 1242 formulas
1009 1202 1206 1243 obscuras
1237 1200 1522 1252 vocabulaque

1 1273 3 1294 ⁸
39 1275 256 1317 recondita
272 1273 370 1314 satis
386 1277 570 1312 teneret:
590 1273 680 1325 ipse
698 1273 821 1322 enim,
837 1272 906 1325 qui
919 1272 1096 1313 Athenis
1112 1284 1318 1313 summum
1337 1271 1520 1311 studium

0 1333 4 1404 ἰ
40 1346 85 1387 in
105 1350 195 1386 arte
210 1343 376 1384 dicendi
400 1343 690 1393 collocaverat,
719 1344 818 1384 satis
835 1348 1023 1384 versatus
1040 1342 1121 1384 fuit
1150 1343 1192 1384 in
1221 1343 1336 1383 iure:
1365 1341 1523 1382 multae

0 1426 4 1462 ς
40 1420 180 1457 autem
209 1427 333 1454 voces
363 1417 480 1453 erant
509 1414 550 1453 in
582 1414 747 1454 Solonis
777 1414 940 1467 legibus
978 1413 1064 1454 iam
1094 1412 1384 1466 Aristophanis
1414 1416 1523 1452 tem-

0 1480 5 1540 ᾗ
40 1498 146 1540 pore
175 1485 298 1538 plane
327 1484 541 1524 obsoletae
571 1489 613 1524 et
642 1497 774 1538 prope
803 1488 1041 1533 emortuae,
1082 1484 1265 1524 ostendit
1309 1483 1391 1523 hoc
1420 1483 1520 1523 satis

39 1556 221 1597 dilucide
265 1555 411 1611 Lysias
454 1556 497 1597 in
541 1559 647 1597 orat.
689 1555 850 1596 advers.
893 1555 1166 1598 Theomnest.
1208 1554 1226 1597 l
1269 1552 1324 1595 15
1363 1566 1405 1608 p.
1435 1553 1521 1594 237

42 1627 111 1669 ed.
141 1626 271 1669 Bekk.

0 1689 5 1712 l

720 1736 836 1781 XVI.

215 1826 274 1869 A.
305 1821 439 1868 Ἀλλ’
474 1815 516 1867 εἶ
541 1825 724 1882 σορέλλη
753 1827 829 1868 καὶ
856 1822 999 1884 μύρον
1027 1826 1103 1869 καὶ
1132 1824 1315 1870 ταινίαι.

211 1911 270 1958 Β.
295 1907 434 1964 Ἰδού,
465 1910 648 1967 σορέλλη
679 1911 810 1954 τοῦτο
841 1910 964 1970 παρὰ
992 1907 1321 1969 Λυσιστράτου.

214 1997 276 2041 A.
306 1993 462 2052 ἹΙμαῖν
491 1995 596 2047 ἴσως
624 1995 681 2040 σὺ
709 1994 1027 2053 καταπλιγήσει
1058 1996 1118 2056 τῷ
1140 1995 1272 2055 χορῷ.

212 2080 270 2128 Β.
306 2081 368 2125 Τὸ
396 2077 716 2136 καταπλιγήσει
745 2083 876 2125 τοῦτο
906 2080 1028 2140 παρὰ
1057 2082 1145 2125 τῶν
1174 2079 1387 2143 ῥητόρων.

214 2166 275 2213 A.
301 2162 612 2222 Ἀποβύσεταί
642 2182 713 2211 σοι
742 2167 883 2212 ταῦτά
914 2184 976 2223 πη
1005 2167 1061 2212 τὰ
1090 2166 1285 2228 ῥήματα.

218 2251 278 2299 Β.
307 2248 431 2309 Παρ’
459 2250 755 2307 Ἀλκιβιάδου
784 2245 1267 2306 τοῦτο’τᾶποβύσεται.

214 2335 276 2380 Α.
310 2333 367 2376 Τι’
396 2332 704 2393 ὑποτεκμαίρει
732 2339 809 2380 καὶ
837 2337 979 2388 κακῶς
1008 2337 1176 2394 ἄνδρας
1204 2336 1341 2391 λέγεις

213 2418 546 2472 καλοκαγαθεῖν
573 2418 841 2475 ἁσκοῦνταςς
867 2422 925 2466 Β.
962 2419 1087 2478 οἲζιι’,
1114 2412 1149 2464 ὦ
1185 2417 1466 2482 Θρασύμαχε,

216 2501 282 2553 τίς
311 2503 442 2548 τοῦτο
470 2504 558 2548 τῶν
588 2503 837 2564 ξυνηγόρων
866 2505 1176 2566 τερθρεὺεταις

159 2619 344 2661 Galenus
376 2621 523 2662 eodem
552 2622 646 2663 loco
677 2622 737 2663 sic
765 2624 924 2676 pergitz
945 2614 1054 2663 “On
1082 2619 1128 2661 δὲ
1157 2620 1233 2662 καὶ
1261 2615 1396 2671 αὐτὸς
1424 2619 1523 2661 ἕκα-

51 2700 152 2738 στος
180 2687 269 2730 τῶν
298 2690 396 2746 περὶ
425 2687 578 2745 λόγους
605 2689 795 2746 ἐχόντων
831 2690 956 2744 ἠξίου
992 2692 1135 2734 ποιεῖν
1162 2686 1363 2747 ὀνόματα
1390 2689 1523 2734 καινὰ

54 2756 185 2812 δηλοῖ
206 2761 286 2815 μὲν
314 2761 390 2803 καὶ
418 2758 443 2806 ὁ,
468 2757 700 2817 Ἀντιφῶν
730 2762 907 2816 ἱκανῶς,
950 2757 1000 2814 ὅς
1028 2779 1073 2819 γε
1102 2757 1221 2817 ὅπως
1249 2759 1361 2807 αὐτὰ
1393 2776 1522 2816 ποιη-
