1716 3164
681 163 821 207 ANA
826 163 869 207 Γ
874 161 1044 207 ΥΡΟΣ.
1507 165 1592 207 968

116 293 158 329 nt
193 296 370 337 coquum
411 281 544 322 fuisse
584 282 720 335 arguit
760 282 866 322 alius
896 280 1116 322 scholiasta
1145 279 1270 320 ibid:
1306 272 1502 327 κάπηλος
1540 276 1587 318 δὲ

114 352 213 396 ἀντι
256 352 332 394 τοῦ
369 348 599 406 μάγειρος·
646 348 794 401 ἐσκαζε
837 349 883 391 δὲ
922 341 1069 398 οὗτος
1110 347 1282 405 εἴρηται
1325 347 1372 389 δὲ
1412 346 1460 389 ἐν
1496 349 1588 398 τοῖς

114 421 334 480 πρόσθεν,
364 416 435 464 ὅτε
461 420 602 476 χωλὸς
630 412 758 470 οὗτος
788 418 811 462 ὁ
830 419 1006 476 Πέρδιξ
1041 417 1128 476 ἀφ’
1157 420 1209 461 ού
1242 419 1357 475 φασὶ
1388 417 1469 470 τὴν
1498 434 1589 461 πα-

114 493 297 552 ροιμίαν
339 493 553 549 Πέρδικος
589 491 739 540 σκέλος
774 491 847 532 ἐπὶ
888 491 976 533 τῶν
1013 488 1311 533 λεπτοπόδων.
1389 494 1443 534 At
1479 493 1590 535 bene

113 573 287 622 possunt
316 568 419 607 haec
448 566 555 606 inter
583 578 628 605 se
661 565 891 614 conciliari,
938 563 1275 617 quandoquidem
1305 562 1481 604 Athenis
1518 578 1589 605 co-

116 640 186 693 qui
229 638 352 679 etiam
393 635 614 689 cauponari
657 636 870 676 solebant:
914 637 971 676 ita
1006 634 1117 687 quod
1155 634 1298 674 Alexis
1337 634 1436 674 dicit
1480 635 1591 688 apud

117 711 270 753 Athen.
299 709 359 749 111
389 721 429 761 p.
461 707 542 747 107
573 707 630 746 B:
670 703 861 761 Πρῶτον
897 707 977 759 μὲν
1018 693 1098 745 οὗν
1134 699 1313 758 ὄστρεια
1343 700 1463 759 παρὰ
1494 703 1592 756 Νη-

117 780 186 836 ρεῖ
218 791 303 820 τινι
347 778 515 828 (malim
547 780 703 831 τινα)
752 774 880 816 Ἰδών
924 775 1095 831 γέροντι
1137 770 1268 830 φυκί’
1309 770 1594 831 ἠμφιεσμένα

110 848 311 903 ’Έλαβον
339 845 504 903 ἐχίνους
534 861 599 899 τε,
632 850 684 890 ad
714 851 854 890 Nerea
881 862 1059 902 coquum
1092 861 1173 888 non
1202 847 1430 902 ignobilem
1460 848 1592 901 perti-

117 928 202 972 net,
231 935 354 975 quem
384 924 586 960 memorat
615 920 818 973 Euphron
849 921 948 961 ibid.
981 921 1039 961 IX
1069 934 1110 973 p.
1135 920 1219 959 379
1251 920 1309 959 E:
1339 914 1512 973 Νηρεὺς
1542 912 1587 958 δ’

114 990 139 1033 ὸ
170 991 280 1040 Χῖος
318 987 504 1044 γόγγρον
541 980 631 1043 ἧψε
668 990 760 1038 τοῖς
798 989 948 1039 θεοῖς,
990 996 1034 1031 et
1073 989 1384 1031 Anaxandrides
1424 1003 1476 1031 eo
1515 1002 1592 1032 no-

116 1063 228 1106 mine
256 1062 512 1105 comoediam
542 1062 720 1116 scripsit,
751 1062 845 1104 vide
874 1063 1074 1104 Meineke
1105 1061 1123 1102 1
1154 1075 1195 1114 p.
1224 1061 1324 1101 372.

802 1176 897 1216 XII.

231 1259 378 1300 Pollux
408 1259 446 1303 X
478 1260 583 1301 114:
632 1256 693 1300 Τό
723 1255 947 1314 ὑπόθημα
997 1257 1074 1299 τοῦ
1111 1251 1251 1312 ὅλμου
1289 1250 1594 1311 ὑφόλμιον,

115 1326 174 1380 ὥς
200 1324 536 1386 Ἀριστοφάνης
563 1327 611 1370 ἐν
637 1326 870 1387 Ἀναγύρῳ
899 1329 1024 1382 λέγει,

802 1444 918 1484 ΧΙΠ.

305 1526 394 1568 Καὶ
426 1524 658 1583 ξυννὲνοφε
686 1527 760 1567 καὶ
787 1526 983 1584 χειμέρια
1015 1524 1182 1583 βροντᾷ
1210 1519 1318 1580 μάλ’
1350 1513 1411 1566 εὖ.

228 1614 401 1655 Photius
430 1628 470 1667 p.
499 1613 580 1653 311
616 1613 670 1654 15
713 1618 755 1654 et
793 1615 965 1655 Suidas:
1011 1606 1257 1667 Ξυννένοφε
1295 1606 1484 1664 ἑπινεφῆ
1520 1607 1598 1650 καὶ

117 1682 307 1738 §mm-zm}
335 1685 410 1726 καὶ
440 1679 685 1739 συννέφελά
712 1682 845 1724 ἐστιν.
889 1679 1226 1740 Ἀριστοφάνης
1250 1678 1492 1739 Ἀναγύρῳ
1520 1680 1598 1723 καὶ

119 1752 236 1805 ξυνν.
266 1752 357 1796 κτλ.
415 1756 540 1796 Hunc
571 1756 764 1806 eundem,
794 1769 876 1797 non
907 1757 1131 1805 diversum,
1161 1760 1207 1796 ut
1237 1755 1418 1805 videtur,
1450 1755 1591 1796 locum

116 1827 299 1880 respexit
330 1835 545 1879 grammat.
586 1826 628 1867 in
659 1827 836 1880 append.
875 1827 928 1867 ad
958 1827 1157 1867 Orionem
1186 1840 1227 1880 p.
1259 1826 1339 1866 181
1373 1826 1449 1865 1οε
1484 1819 1595 1864 Νεί-

117 1908 210 1950 φω·
258 1893 389 1950 νέφος
434 1891 517 1950 γὰρ
558 1894 635 1935 καὶ
675 1897 858 1950 νένοφεν
898 1892 923 1935 ὁ
951 1895 1084 1949 μέσος
1123 1893 1442 1950 παρακείμενος
1474 1890 1597 1952 παρὰ

121 1960 455 2021 Ἀριστοφάνει.

809 2024 922 2066 XIV.

317 2100 496 2163 ’Ὀρμου
525 2103 744 2163 παρόντος
772 2104 854 2157 τὴν
881 2103 1083 2162 ἀτραπὸν
1114 2105 1369 2165 κατερρύην.

232 2193 408 2234 Photius
426 2207 467 2247 p.
481 2194 566 2234 315
595 2195 650 2235 22
682 2199 724 2234 et
738 2194 911 2235 Suidas:
939 2188 1079 2233 ‘0505
1101 2189 1329 2248 παρούσης
1344 2190 1428 2243 τὴν
1458 2188 1596 2248 ἄτρα-

117 2258 205 2301 πὸν
217 2259 366 2310 ζητεῖς.
395 2258 706 2315 τὸλεγόμενον.
734 2259 1052 2316 Ἀριστοφάνης
1075 2258 1296 2319 Ἀναγύρῳ
1309 2258 1488 2318 “Ὀρμου
1504 2261 1596 2304 κτλ.

120 2331 310 2385 Respicit
340 2332 424 2372 hoe
452 2333 645 2386 proverb.
676 2332 798 2373 etiam
829 2334 871 2373 in
903 2334 1038 2373 Nubb.
1071 2347 1108 2373 v.
1142 2335 1212 2375 74.

813 2445 904 2486 XV.

363 2536 373 2543 ·
401 2522 477 2566 Ἐν
507 2524 566 2584 τῷ
595 2523 787 2581 στόματι
817 2524 1164 2584 τριημιωβόλιον
1192 2525 1316 2583 Qum.

173 2636 176 2639 ι
228 2611 380 2653 Pollux
406 2612 464 2653 lx
484 2612 541 2653 64
559 2627 572 2653 :
602 2607 684 2652 'Ev
713 2611 760 2654 δὲ
788 2611 849 2671 τῷ
875 2608 1109 2670 Ἀναγύρῳ
1138 2610 1193 2653 τὰ
1221 2609 1324 2669 τρία
1351 2609 1602 2668 ἡμεωβόλια

120 2679 463 2790 τρὲημιωβόλιον
506 2681 684 2736 εἴρηκεν.
752 2685 815 2726 De
861 2685 940 2726 isto
980 2697 1098 2726 more
1134 2685 1338 2738 pecuniae
1372 2684 1601 2728 servandae

121 2762 145 2789 v
192 2763 217 2792 e
244 2764 382 2807 supra.

1232 2824 1338 2864 61·
