1716 3164
241 156 350 203 nas
767 151 1176 202 AltlSTOPHA'ffls

237 284 387 326 ματος.
449 268 523 309 καὶ
565 265 894 324 Ἀριστοφάνης
933 268 978 308 ἐν
1008 269 1242 323 Προάγωνι
1279 270 1541 328 (Προά)ωνι
1578 277 1686 318 Pho

236 343 350 390 tius)
380 337 592 394 Σταθερά
622 338 668 378 δὲ
697 338 786 380 κτλ.
845 334 1049 390 σημαίνει
1084 337 1157 378 καὶ
1186 337 1234 379 τὸ
1263 337 1462 421 μόνιμον.
1518 346 1604 387 Gfr.
1636 347 1688 386 de

236 409 317 450 hoc
347 410 475 450 verbo
506 410 670 451 Ruhnk.
701 409 752 449 ad
780 409 993 449 Timaeum
1023 421 1063 460 p.
1093 409 1189 449 235.

875 532 881 540 ‘
946 529 998 568 11.

482 611 758 669 Ἕγευσάμην
784 613 942 669 χορδῆς
972 610 995 653 ὁ
1026 610 1238 664 δύστηνος
1265 616 1446 656 τέκνων·

490 697 578 746 πῶς
608 697 738 738 ἐσίδω
766 695 921 756 ῥύγχος
950 699 1326 754 περικεκαυμένον,-

347 783 585 823 Athenaeus
604 784 661 823 111
691 797 731 836 p.
749 783 802 822 95
834 784 890 822 D:
916 776 1244 836 Ἀριστοφάνης
1259 780 1514 838 Προαγῶνι·
1540 777 1689 834 Ἐγεν-

237 846 384 905 σάμην
412 848 501 890 κτλ.
575 852 643 891 Vs.
676 853 697 891 1
728 850 886 891 τέκνων
915 853 984 903 qui
1015 858 1193 902 tentant,
1224 858 1268 893 ut
1300 853 1522 901 lacobsius,
1552 854 1619 904 qui
1646 853 1687 893 in

236 920 448 961 Animadv.
478 933 517 972 p.
533 919 586 958 65
615 916 728 958 κύων
756 921 950 969 coniecit,
982 921 1215 961 universum
1245 922 1408 962 fabulae
1437 922 1688 973 propositum

237 990 449 1041 ignorant:
488 989 591 1028 haec
630 990 736 1028 enim
774 989 918 1028 infelix
956 989 1025 1029 ille
1061 995 1177 1041 pater
1215 991 1331 1039 dicit,
1370 995 1582 1043 postquam
1621 991 1688 1030 fu-

235 1057 375 1098 'nestas
408 1058 533 1109 dapes
563 1058 640 1096 sibi
669 1059 872 1110 appositas
901 1057 1030 1098 fuisse
1060 1061 1261 1111 cognovit.
1291 1086 1345 1092 —
1376 1062 1488 1101 Vs.2
1517 1073 1566 1099 ex
1596 1059 1687 1099 cod.

237 1128 272 1167 A
313 1123 443 1166 ἐσίδω
480 1127 667 1174 restitui,
702 1127 825 1178 vulgo
867 1119 1028 1167 εἰσίδω.
1087 1129 1320 1167 Dindorfius
1350 1129 1553 1168 senarium
1581 1128 1689 1167 hunc

237 1196 472 1235 constituit:
510 1192 616 1240 Πῶς
645 1187 791 1232 εἰσίδω
821 1191 973 1249 ῥύγχος
1009 1193 1167 1247 πέριξ
1207 1195 1487 1246 κεκαυμένον,
1528 1197 1596 1248 qui
1625 1197 1688 1235 vix

237 1263 338 1304 ferri
376 1267 535 1316 potest:
573 1264 657 1315 apti
696 1268 828 1303 autem
860 1269 952 1304 sunt
983 1265 1210 1304 dochmiaci
1240 1278 1403 1315 versus,
1435 1278 1526 1305 cum
1556 1266 1686 1305 omnis

236 1333 341 1373 haee
372 1333 501 1372 oratio
533 1332 583 1371 ad
612 1333 859 1384 tragicorum
889 1334 1196 1387 similitudinem
1227 1335 1278 1373 sit
1318 1335 1560 1386 composita;
1601 1333 1686 1372 for-

236 1406 344 1442 tasse
373 1414 421 1441 ex
453 1401 660 1452 Euripidis
693 1401 877 1453 Thyeste
906 1403 1101 1454 pleraque
1130 1409 1224 1442 sunt
1256 1405 1396 1454 petita,
1427 1416 1518 1442 nam
1546 1403 1687 1454 Thye-

236 1476 320 1512 stes
359 1471 447 1510 sive
477 1470 650 1510 Cressae
691 1470 836 1510 doctae
878 1477 972 1512 sunt
1005 1472 1174 1523 Olymp.
1206 1472 1395 1514 LXXXV
1422 1473 1463 1521 2,
1499 1472 1579 1511 vid.
1610 1472 1687 1511 Ar-

234 1542 416 1593 gument.
447 1538 681 1580 Alcestidis.
933 1595 990 1634 ln

356 1672 487 1727 Οἰζιιοι
517 1671 661 1725 τάλας,
691 1671 734 1714 τί
761 1688 848 1728 μου
877 1675 1050 1729 στρέᾳει
1076 1673 1156 1725 τὴν
1185 1674 1396 1730 γαστέρας

352 1753 483 1809 βάλλ’
514 1755 555 1805 ἐς
584 1753 784 1812 κόρακας.
841 1754 988 1798 πόθεν
1014 1753 1070 1799 ἂν
1098 1755 1270 1800 λάσανα
1299 1753 1463 1811 γένοιτό
1491 1771 1590 1811 μοις

348 1841 495 1880 Pollux
520 1841 559 1881 X
588 1842 666 1881 44:
688 1835 794 1880 “On
827 1839 873 1881 δὲ
902 1840 954 1882 οὐ
978 1838 1116 1896 μόνον
1143 1841 1214 1882 ἐπὶ
1244 1839 1321 1881 τοῦ
1346 1837 1551 1890 ἀκινήτου
1579 1838 1685 1881 dno-

238 1903 381 1948 πότου
409 1905 464 1947 τὰ
492 1905 979 1962 λάσανωόνομαστέον,
1010 1907 1120 1950 ἀλλὰ
1148 1911 1221 1951 καὶ
1250 1909 1320 1950 ἐπὶ
1349 1909 1426 1949 τοῦ
1454 1910 1688 1964 τιθεμένου

234 1977 309 2015 καὶ
338 1973 679 2030 ἀναιρουμένου,
707 1981 920 2034 μαρτυρεῖ
941 1977 1265 2035 Ἀριστοφάνης
1292 1978 1337 2019 ἐν
1366 1977 1601 2033 ΙῙροαγῶνι
1628 1973 1685 2018 εἰ-

234 2041 347 2084 πών·
409 2042 537 2098 Οἰμοι
579 2043 712 2092 τάλας
760 2047 850 2089 κτλ.
921 2051 1144 2102 Compares
1196 2063 1293 2090 cum
1332 2050 1396 2088 his
1443 2049 1682 2100 Antiphanis

233 2120 374 2155 versus
404 2117 512 2168 apud
541 2116 691 2156 Athen.
724 2116 781 2156 ΙΙΙ
811 2131 851 2169 p.
883 2119 964 2158 123
995 2119 1052 2158 B:
1099 2115 1160 2157 Οὐ
1193 2115 1275 2170 γάρ
1301 2114 1434 2156 κακὸν
1463 2112 1543 2168 ἔχω
1571 2112 1682 2168 μηδ’

232 2178 399 2235 ἔχοιμ’·
432 2180 507 2223 ἐὰν
539 2181 565 2222 ὃ
585 2181 593 2194 ’
617 2179 700 2235 ἄρα
716 2183 892 2241 Στρέςτῃ
921 2200 973 2239 με
1002 2187 1100 2240 περὶ
1128 2184 1207 2235 τὴν
1236 2181 1408 2239 γαστέρ’
1439 2179 1468 2233 ἢ
1497 2182 1575 2223 τὸν
1601 2181 1680 2238 ὀμ-

232 2248 391 2304 φαλὸν,
422 2249 556 2307 Παρὰ
589 2249 815 2306 Φερτάτου
844 2252 1070 2304 δακτύλιος
1099 2253 1192 2297 ε’στί
1219 2268 1297 2308 μοι
1327 2251 1531 2308 δραχμῆς.

915 2366 984 2407 IV.

422 2440 663 2497 Κάμνοντα
695 2441 743 2483 δ’
776 2442 911 2485 αὐτὸν
940 2445 1016 2486 τοῦ
1045 2447 1204 2501 θέρους
1234 2442 1339 2486 ἰδών
1369 2460 1471 2487 ποτε

424 2523 591 2579 ἔτρωγ’,
620 2522 695 2566 ἰ’να
725 2524 892 2580 κάμνοι,
925 2527 1035 2568 σῦκα
1066 2528 1139 2579 τῆς
1167 2527 1455 2583 μεσημβρίας.

295 2608 299 2612 ’
335 2617 572 2659 Athenaeus
605 2620 663 2659 111
701 2633 740 2671 p.
770 2619 827 2657 8⁰
858 2620 913 2659 A:
943 2614 1104 2658 ”Amat
1142 2618 1188 2659 δέ
1227 2630 1368 2671 φασιν
1405 2610 1474 2657 ὅτι
1510 2613 1571 2671 μὴ
1610 2615 1679 2656 δεῖ

223 2679 333 2722 σῦκα
371 2687 707 2739 προσφέρεσθαι
741 2683 1037 2741 μεσημβρίας·
1083 2685 1255 2737 νοσώδη
1292 2683 1375 2742 γὰρ
1410 2677 1522 2727 εἶναι
1558 2681 1668 2735 τότε,
