1716 3164
620 175 754 220 BAB
764 173 1041 220 ΥΛΩΝΙΟΙ.
1488 174 1574 215 969

103 296 433 355 gantlsslmorum
463 292 685 335 verborum
714 293 998 346 orationisque
1023 289 1235 333 illecebris
1259 287 1576 332 Atheniensium

103 370 262 411 animos
291 366 475 408 tenuerit
502 365 569 405 vix
599 365 680 405 dici
709 369 860 418 potest,
891 365 1080 416 sciteque
1096 362 1304 404 Diodorus
1331 361 1454 401 dixit·
1490 349 1576 399 05-

102 453 177 488 τος
211 436 291 478 νῦν
332 429 614 484 καταντήσας
652 427 715 482 εἷς
753 430 833 482 τὰς
865 428 1082 482 Ἀθηνας
1120 432 1197 473 καὶ
1234 429 1480 487 ταραχθεὶς
1516 422 1578 478 εἷς

103 508 184 552 τὸν
211 507 355 561 δῆμον
394 505 602 559 διελέχθη
638 503 730 552 τοῖς
763 499 1042 554 Ἀθηναίοις
1082 502 1181 558 περὶ
1216 500 1296 550 τὰς
1324 497 1579 556 συμμαχίας

103 581 178 623 καὶ
209 578 276 637 τῷ
302 573 573 631 ξενίζοντι
603 572 698 626 τῆς
726 573 917 626 λέξεως
946 571 1206 625 ἐξέπληξε
1235 570 1359 621 τοὺς
1397 569 1579 622 ’.Αθη-

104 648 320 699 ναὶους,
349 644 483 695 ὄντας
509 641 683 701 εὐφυεῖς
711 645 786 687 καὶ
818 641 1094 701 φιλολόγους,
1132 643 1425 699 διαφέρουσιν
1452 638 1580 683 ἄντι-

105 722 260 770 stirme,-
288 719 362 761 καὶ
391 712 615 765 ἷσοκώλοις
652 716 727 758 καὶ
764 714 972 772 παρίσοις
1008 715 1084 757 καὶ
1124 710 1467 769 ὁμοιοτελεύτοις
1503 710 1580 755 καί

108 805 225 835 τισιν
250 788 407 845 ἑτέροις
435 783 664 836 τοιούτοις,
692 783 726 827 ἁ“
752 784 850 828 τότε
880 789 963 843 μὲν
993 785 1068 828 διὰ
1097 785 1148 827 τὸ
1180 785 1304 838 ξένον
1333 783 1409 836 τῆς
1438 798 1581 826 κατα-

110 861 263 912 σκευῆς
287 856 510 913 ἀποδοχῆς
536 853 716 910 ἠξιοῦτο
743 857 835 901 κτλ.
894 861 948 901 Et
977 859 1118 913 quanti
1146 858 1273 899 fuerit
1299 858 1479 911 Gorgiae
1507 869 1582 898 au-

109 935 276 976 ctoritas
298 931 481 974 ostendit
497 930 564 971 vel
583 943 633 972 ea
651 931 880 981 comoedia,
899 943 1021 983 quam
1038 944 1145 971 anno
1154 935 1248 984 post
1266 930 1409 970 docuit
1423 929 1582 971 Aristo·

107 1005 283 1060 phanes,
305 1002 608 1052 Aelim-nenses,
637 1001 679 1042 in
695 1014 776 1054 quo
796 1005 993 1055 quantum
1019 1001 1101 1042 hoc
1121 1001 1381 1053 eloquentiae
1401 1001 1584 1041 studium

108 1077 160 1117 ab
187 1077 268 1116 isto
296 1073 555 1128 potissimum
577 1073 667 1112 viro
683 1073 858 1114 Athenis
889 1073 1110 1114 excitatum
1140 1073 1266 1113 rebus
1295 1071 1470 1125 publicis
1499 1071 1584 1124 pri-

109 1147 296 1198 vatisque
326 1145 618 1185 detrimentum
648 1144 848 1193 attulerit,
877 1148 1002 1197 poeta
1030 1143 1260 1183 clarissime
1284 1142 1480 1191 ostendit,
1510 1142 1584 1182 sed

112 1217 167 1256 de
194 1216 320 1255 huius
349 1214 516 1254 fabulae
546 1214 720 1254 consilio
750 1214 848 1254 alibi
879 1215 1010 1255 dicam
1041 1214 1174 1267 plura.
1217 1213 1302 1253 lam
1333 1225 1432 1252 vero
1461 1217 1587 1265 poeta

113 1298 207 1327 cum
246 1285 562 1326 Atheniensium
600 1284 726 1324 vellet
759 1284 967 1324 levitatem
1005 1284 1343 1337 reprehendere,
1386 1283 1456 1335 qui
1492 1295 1587 1323 ora-

114 1356 237 1396 tionis
277 1354 480 1409 elegantia
518 1359 642 1407 atque
676 1354 884 1395 illecebris
921 1355 1083 1408 decepti
1112 1354 1257 1394 faciles
1288 1353 1435 1407 legatis
1464 1367 1587 1407 prae-

113 1427 262 1468 berent
298 1438 420 1466 aures
458 1429 501 1466 et
529 1425 685 1465 bellum
715 1425 841 1478 longe
869 1426 1262 1479 perniciosissimum
1306 1430 1466 1465 temere
1503 1429 1586 1465 tra-

116 1497 283 1546 herent,
313 1509 396 1537 non
427 1501 577 1545 tamen,
607 1495 718 1548 quod
747 1496 878 1535 visum
909 1501 972 1536 est
997 1497 1158 1537 Rankio
1188 1497 1241 1536 de
1271 1497 1343 1536 vit.
1373 1495 1587 1548 Aristoph.

117 1567 402 1609 CCCXXXlX
432 1580 494 1618 sq.
524 1567 659 1619 ipsum
690 1566 886 1619 Gorgiam
918 1567 1124 1617 exhibuit,
1155 1580 1332 1620 namque
1362 1566 1443 1606 hoc
1474 1567 1588 1607 nullo

117 1638 272 1678 idoneo
301 1641 546 1690 argumento
576 1637 734 1678 firmari
762 1641 921 1690 potest,
957 1637 1032 1678 sed
1069 1642 1115 1678 ut
1146 1637 1246 1677 mihi
1276 1637 1443 1690 quidem
1472 1637 1589 1677 vide-

120 1712 188 1748 tur
217 1709 340 1760 longe
367 1707 623 1760 ingeniosius
654 1712 697 1747 et
725 1708 957 1760 elegantius
986 1721 1074 1749 rem
1103 1709 1303 1757 instituit,
1333 1712 1380 1748 ut
1411 1721 1491 1748 non
1522 1707 1589 1748 Si-

120 1778 238 1818 culae
268 1778 440 1818 alicuius
462 1776 636 1817 civitatis
660 1777 799 1830 legati,
830 1779 903 1819 sed
920 1780 1087 1819 Barbari
1109 1780 1298 1819 homines
1314 1779 1499 1819 Athenas
1518 1791 1591 1818 ve-

120 1849 277 1889 nirent:
314 1860 420 1900 quae
450 1847 616 1900 quidem
646 1848 826 1901 Gorgiae
866 1854 908 1888 et
945 1849 1260 1890 Atheniensium
1298 1850 1435 1889 irrisio
1465 1849 1591 1902 longe

119 1924 184 1959 est
212 1918 413 1959 acerbior.
466 1919 551 1958 lam
580 1909 809 1960 illustratur
838 1921 961 1960 etiam
990 1921 1125 1972 ipsum
1157 1920 1397 1961 comoediae
1426 1933 1592 1971 nomen,

119 1984 427 2041 Βαβυλώνιοι,
463 1989 574 2042 quod
603 1990 792 2031 homines
821 1991 965 2031 doctoa
995 1992 1168 2032 multum
1200 1993 1399 2033 exercuit.
1458 1992 1592 2045 Baby-

121 2061 222 2101 lonii
250 2062 360 2115 apud
389 2062 665 2103 Athenienses
710 2063 895 2111 barbari,
932 2062 1189 2115 Hesychius:
1227 2057 1513 2115 Βαβυλώνιοι
1550 2060 1595 2101 οἱ

124 2125 345 2185 βάρβαροι
386 2127 509 2184 παρὰ
553 2131 644 2179 τοῖς
683 2125 920 2181 matzatz,
958 2134 1065 2174 adde
1107 2134 1275 2174 Suidam
1320 2128 1594 2184 Βαβυλωνία

124 2197 307 2255 κάμινος
321 2201 397 2242 καὶ
408 2196 694 2254 Βαβυλώνιοι
710 2201 876 2251 παῖδες.
907 2205 1104 2244 barbaros
1131 2210 1268 2244 autem
1294 2209 1486 2256 tanquam
1505 2216 1594 2243 ser-

126 2287 201 2314 vos
239 2274 359 2314 fiuxit
395 2277 541 2325 poeta,
588 2274 781 2325 quoniam
818 2274 1008 2323 Graecis,
1045 2274 1368 2314 Atheniensibus
1408 2274 1598 2322 maxime,

127 2343 330 2383 libertatis
358 2342 680 2390 studiosissimis,
709 2343 872 2382 barbari
903 2356 1070 2392 omnes,
1101 2345 1255 2396 quippe
1284 2345 1354 2395 qui
1384 2345 1495 2396 regis
1526 2357 1597 2383 vo·

131 2413 284 2455 luntati
324 2418 366 2453 et
403 2413 572 2452 arbitrio
615 2417 753 2452 essent
789 2413 983 2463 subiecti,
1020 2415 1135 2466 quasi
1166 2414 1365 2467 quaedam
1395 2414 1598 2467 mancipia

129 2485 397 2525 viderentur:
426 2485 485 2524 ita
513 2484 640 2537 igitur
667 2470 895 2524 instituisse
924 2485 1088 2525 videtur
1116 2490 1252 2538 poeta,
1283 2489 1329 2524 ut
1355 2486 1396 2525 in
1428 2485 1598 2526 exordio

131 2555 300 2596 fabulae
344 2554 506 2608 legatus
543 2568 566 2595 a
604 2554 826 2595 Persarum
869 2568 972 2609 rege
1010 2556 1159 2597 missus
1200 2556 1385 2597 Athenas
1423 2556 1598 2606 veniret,

133 2638 280 2678 magna
310 2625 506 2666 comitum
535 2626 709 2678 stipatus
738 2630 915 2675 caterva,
946 2627 1016 2679 qui
1038 2627 1258 2667 Persarum
1289 2639 1379 2666 mos
1409 2631 1518 2666 erat:
1549 2640 1600 2668 ex

135 2694 205 2735 his,
229 2699 366 2737 autem
395 2696 525 2737 servis
554 2697 767 2738 constabat
795 2697 968 2748 chorus,
1011 2700 1080 2751 qui
1118 2697 1153 2737 si
1183 2709 1264 2740 non
1295 2710 1371 2750 per
1398 2698 1600 2752 integram

138 2764 333 2816 fabulam,
362 2772 404 2808 at
433 2772 548 2809 certe
576 2768 618 2809 in
648 2768 779 2822 prima
809 2774 928 2823 parte
958 2771 1055 2825 egit,
1086 2770 1429 2826 quemadmodum
1460 2770 1602 2810 Ranae
