1716 3164
205 180 288 220 812
754 173 1100 215 ΤΗΕΟΡΟΜΡΙ,

546 310 1307 359 ΣΤΡΑΤΙΩΤΙΔΕΣ.

906 437 938 475 1.

455 519 565 578 Ἐγώ
598 522 679 578 γὰρ
708 519 764 564 ἂν
790 521 999 571 κώθωνος
1028 521 1072 562 ἐκ
1102 515 1417 575 στρεψαιῗχενος

454 606 597 662 πίοιμι
624 605 702 648 τὸν
725 602 937 662 τράχηλον
964 603 1325 658 ἀνακεκλασμένη.

319 720 552 760 Athenaeus
580 718 637 757 XI
666 731 705 770 p.
736 718 877 757 483e:
905 713 1161 769 μνημονεύει
1190 711 1326 755 αὐτοῦ
1355 712 1462 764 (τοῦ
1489 710 1646 754 κώθω-

209 792 302 839 νος)
330 812 383 820 -—-
417 783 672 839 Θεόπομπος
700 780 1013 838 Στρατιώτισιν
1036 781 1148 837 Ἐγώ
1179 782 1259 838 γὰρ
1287 780 1342 823 ἄν
1368 783 1455 824 κτλ.
1514 785 1646 836 Lege-

209 858 328 897 batur
354 853 430 908 ἐγώ
462 853 543 910 γὰρ
571 850 793 902 κώθωνος.
852 857 1021 896 Coi-rexi
1051 855 1156 908 apud
1186 855 1452 895 Dindorfium.
1506 855 1560 893 Et
1588 855 1646 893 sic

209 927 288 966 iam
334 927 538 967 Liebelius
584 926 634 965 ad
678 925 912 966 Archiloch.
957 938 997 976 p.
1030 925 1123 964 143.
1209 925 1278 966 Vs.
1308 925 1334 963 2
1384 919 1526 973 πίοιμι
1570 919 1647 960 τὸν

209 995 631 1047 Schweighaeuserus.
669 990 911 1045 ποιμαντὸν
940 994 1059 1033 ABP.
1098 988 1265 1045 πιόμαν
1293 989 1369 1031 τὸν
1398 993 1443 1033 G.
1481 990 1645 1041 ποίμαν

209 1061 287 1103 τὸν
316 1065 399 1106 Vl..
443 1065 663 1114 „ceterum
694 1063 842 1103 collum
873 1067 959 1103 erat
987 1063 1278 1103 reflectendum
1309 1068 1477 1115 propter
1506 1062 1644 1102 cotho-

209 1134 272 1175 uis
298 1128 545 1186 ἅμβωνας.”
602 1133 810 1173 Dobraeus
841 1133 1009 1172 Advers.
1043 1131 1080 1170 ll
1111 1145 1150 1184 p.
1181 1132 1274 1170 833.

314 1332 409 1377 Καὶ
437 1345 505 1374 τοι
532 1331 596 1382 τίς
625 1331 702 1375 οὐκ
731 1330 786 1374 ἂν
815 1329 928 1382 εἰκὸς
955 1324 1002 1373 εὖ
1031 1330 1211 1388 πράττοι
1239 1329 1562 1386 τετρωβολίζων,

313 1414 356 1458 εἰ
377 1415 454 1458 νῦν
481 1430 527 1470 γε
556 1412 769 1471 διώβολον
797 1417 940 1471 φέρων
966 1413 1077 1470 ἀνὴρ
1105 1414 1250 1471 τρέφει
1278 1417 1484 1469 γυναῖκας

313 1530 459 1570 Pollux
491 1529 547 1570 lx
575 1530 653 1569 64:
693 1524 811 1582 παρὰ
837 1527 984 1580 μέντοι
1017 1522 1258 1583 Θεοπόμπῳ
1284 1525 1330 1567 ἐν
1357 1523 1646 1582 Στρατιώτισι
1702 1528 1716 1570 ξ

204 1594 255 1638 τὸ
283 1592 549 1650 τετρώβολον
575 1594 817 1650 λαμβάνειν
843 1593 1158 1650 τετρωβολίζειν
1185 1592 1439 1649 ὠνόμασται
1461 1593 1554 1636 Καί
1579 1609 1647 1635 τοι

204 1664 268 1715 τίς
295 1664 371 1707 οὐκ
399 1662 455 1706 ἄν
482 1666 570 1708 κτλ.
628 1668 699 1709 Vs.
730 1668 748 1708 1
785 1662 1109 1720 τετρωβολίζων.
1149 1667 1386 1707 Eustathius
1416 1668 1467 1706 ad
1498 1667 1644 1719 Odyss.
1700 1703 1703 1706 ,

203 1751 246 1792 p.
276 1736 386 1778 1405
414 1738 468 1776 29
507 1741 548 1776 et
585 1736 757 1776 Photius
796 1738 895 1777 Lex.
926 1750 966 1787 p.
996 1736 1075 1775 581
1110 1737 1176 1775 17.
1214 1731 1554 1788 τετρωβολίζωνε
1594 1732 1644 1774 τὸ

204 1802 454 1847 δικαστικὸν
492 1798 757 1857 τετρώβολον
796 1801 1054 1857 λαμβάνων·
1092 1803 1254 1855 ἐγένετο
1283 1801 1364 1858 γάρ
1392 1804 1466 1843 καὶ
1493 1801 1647 1844 τοσοῦ·
1704 1845 1706 1847 ,

202 1871 281 1915 τόν
307 1887 424 1914 ποτε.
482 1875 681 1924 „Photius
710 1875 815 1913 male
843 1874 1065 1922 intellexit,
1103 1879 1148 1913 ut
1176 1875 1356 1922 videtur,
1387 1874 1645 1926 Theopompi

203 1946 347 1994 verba,
388 1956 491 1996 quae
519 1957 598 1983 non
630 1943 681 1982 de
711 1947 901 1994 quattuor
929 1943 1058 1982 obolis
1087 1955 1133 1981 re
1162 1956 1257 1982 vera
1286 1943 1531 1991 distributis,
1572 1943 1645 1983 sed
1708 1990 1714 2010 a

202 2014 256 2055 de
291 2027 366 2067 spe
401 2017 555 2052 tantum
593 2016 782 2063 quattuor
818 2013 1031 2063 obolorum
1070 2011 1396 2063 accipiendorum
1439 2012 1544 2051 dicta
1585 2012 1645 2052 vi·

203 2084 373 2132 dentur,
401 2081 740 2134 quemadmodum
769 2082 870 2121 Cleo
899 2082 940 2120 in
970 2067 1109 2133 Equit.
1139 2081 1224 2120 797
1254 2081 1305 2119 de
1335 2081 1513 2132 quinque
1542 2081 1645 2121 adeo
1702 2115 1710 2143 ·;

202 2152 332 2193 obolis
360 2151 565 2191 fabulatur
592 2163 642 2189 ex
672 2149 836 2189 oraculo
867 2149 1183 2189 commentitio.’'
1220 2149 1454 2188 Dindorfius
1484 2150 1534 2188 ad
1553 2151 1645 2190 Ari·
1703 2149 1710 2211 ᾗ

202 2220 337 2274 stoph.
366 2221 491 2272 Vesp.
521 2220 614 2259 684.
646 2218 904 2270 Theopompi
934 2219 1056 2257 verba
1086 2231 1166 2258 non
1197 2218 1249 2256 de
1278 2214 1530 2271 δικαστικῷ,
1570 2218 1644 2257 sed
1706 2220 1709 2241 ³

204 2291 257 2330 de
286 2290 457 2330 militum
486 2287 968 2339 mercede'intelligenda
1010 2287 1211 2326 videntur.
1277 2285 1495 2325 Pausanias
1536 2286 1645 2338 apud

204 2359 440 2407 Eustathius
476 2358 504 2398 l.
534 2359 562 2398 l.
603 2349 870 2409 τετρωβόλου
909 2352 1003 2405 βίος
1045 2352 1143 2394 ἀντὶ
1171 2352 1248 2393 τοῦ
1277 2349 1542 2408 στρατιώτου
1569 2368 1646 2407 μι-
1704 2346 1716 2398 3

205 2423 332 2473 σθός,
402 2429 535 2479 Atque
569 2428 624 2467 ita
667 2427 800 2465 locum
840 2426 1131 2476 interpretatus
1171 2429 1234 2464 est
1264 2425 1384 2463 etiam
1419 2424 1645 2464 Boeckhius
1704 2409 1706 2412 V

207 2496 360 2538 Oecon.
390 2497 474 2535 Att.
506 2496 522 2535 l
555 2509 594 2547 p.
627 2495 720 2534 131.
766 2519 819 2525 —
863 2494 935 2533 Vn.
966 2494 991 2531 2
1032 2493 1124 2531 libri
1162 2491 1281 2547 ([έρει
1317 2488 1427 2543 ἀνὴρ
1463 2490 1645 2544 τρέφειν.
1703 2529 1705 2531 ,

207 2564 395 2605 Correxit
425 2565 622 2606 Kuhnius.
694 2565 911 2602 Praeterea
941 2561 1173 2601 Dindorfius
1213 2556 1252 2599 εἰ
1291 2557 1368 2598 νῦν
1396 2555 1644 2613 τριώβολον,
1706 2600 1707 2605 ,

208 2633 416 2674 Porsonus
433 2632 567 2673 Praef.
582 2634 632 2673 ad
649 2632 854 2685 Euripidis
870 2631 1082 2674 Hecubam
1096 2644 1135 2683 p.
1153 2631 1285 2679 XLV:
1314 2625 1355 2669 εἰ
1380 2626 1458 2669 νῦν
1472 2624 1517 2682 y’
1535 2624 1645 2684 ἀνὴρ
1703 2621 1707 2686 J

207 2695 422 2753 διώβολον
450 2700 568 2755 φέρει
597 2699 768 2759 τρέφειν
796 2699 991 2753 γυναῖκα.
