1716 3164
225 186 334 227 1⁰76
751 176 1159 220 ARISTOPHANIS

457 389 587 439 Οἶνον
617 396 662 436 δὲ
692 394 831 437 πίνειν
859 394 934 437 οὐκ
965 393 1077 437 ἐάσω
1109 390 1352 449 Πράμνιον,

455 479 506 521 οἱ)
540 480 661 529 Χῖον,
693 477 792 520 οὐδὲ
826 476 1002 530 Θάσιον,
1035 477 1086 520 οὐ
1116 475 1427 534 Πεπαρήθιον,

455 560 554 604 οὐδ’
589 560 721 603 ἄλλον
750 557 869 612 ὅστις
898 562 1087 617 ἐπεγερεῖ
1111 560 1188 603 τὸν
1216 559 1415 616 ἔμβολον.

348 677 548 719 Athenaei
578 675 758 728 epitome
790 675 805 714 Ι
837 689 874 727 p.
906 677 960 715 29
992 676 1050 715 A:
1082 667 1187 714 ‘'Ou
1224 666 1574 726 Ἀριστοφάνους
1603 666 1678 717 τὰς

237 746 436 800 δευτέρας
475 739 914 797 Θεσμοφοριαζούσας
943 736 1186 796 Δημήτριος
1225 738 1249 782 ὁ
1285 738 1537 821 Τροιζήνιος
1572 738 1680 779 Θεσ-

237 809 573 870 μοᾳοριασάσας
616 809 854 866 e'mypckcpu.
911 812 955 851 ἐν
999 807 1135 867 ταύτῃ
1178 808 1201 851 ὁ
1245 809 1427 864 κωμικὸς
1468 809 1683 864 μέμνηται

238 881 539 935 Πεπαρηθιου
578 879 720 920 οἴνου·
774 871 904 919 Οἶνον
949 879 993 919 δὲ
1039 878 1178 919 πίνειν
1220 880 1308 923 κτλ.
1384 883 1453 923 Vs.
1483 882 1510 921 2
1556 874 1680 929 οὐδὲ]

238 956 372 1006 Vulgo
401 948 474 1000 οὐ,
511 953 687 990 correxit
722 951 985 999 Fritzschius,
1015 946 1108 1002 οὐχὶ
1137 951 1385 991 Dindorfius.
1443 974 1498 982 --
1554 948 1625 990 vs.

239 1020 429 1072 ἐπεγερεῖ
452 1020 690 1059 Brunckius.
750 1020 883 1071 Vulgo
913 1015 1129 1072 ἐπεγείρει.
1174 1015 1255 1071 ὲμμ
1237 1017 1381 1070 eonon]
1414 1018 1580 1070 respicit
1596 947 1682 1056 He3

239 1082 1122 1144 ε]οὴὶυε,”13“μβολον;’Λριστοᾳάνης
1151 1086 1196 1126 ἐν
1229 1080 1685 1141 Θεσμοφοριαζούσαις

238 1157 289 1199 τὸ
318 1152 500 1197 αἰδοῖον.
567 1158 767 1198 Videntur
805 1162 938 1196 autem
979 1157 1082 1196 haec
1124 1170 1173 1196 ex
1209 1158 1381 1210 prologo
1417 1157 1545 1210 petita
1581 1166 1684 1204 esse,

239 1233 285 1269 ut
313 1227 538 1279 Calligenia
567 1226 804 1267 mulieribus
835 1226 1094 1278 operantibus
1123 1226 1359 1279 praecipiat.

939 1346 990 1387 11.

352 1434 567 1476 Erotianus
611 1447 650 1486 p.
689 1434 772 1473 284
819 1434 882 1474 ed.
928 1437 1081 1475 Franz:
1131 1425 1293 1483 Οἶνος
1336 1429 1685 1488 ἀνθοσμίας,

241 1500 265 1544 ὁ
294 1499 456 1552 εὐώδης
485 1501 559 1541 καὶ
588 1497 713 1552 ἡδύς,
743 1497 800 1548 ὠς
827 1498 1152 1557 Ἀριστοφάνης
1191 1502 1237 1544 ἐν
1269 1502 1511 1559 Βατράχοις
1538 1502 1613 1543 καὶ
1642 1501 1688 1543 ἐν

245 1566 716 1626 Θεσμοφοριαζοίσαις.
753 1572 857 1612 Mite
885 1573 965 1612 hoc
993 1574 1128 1614 vinum
1158 1575 1318 1614 videtur
1348 1575 1571 1627 Calligenia
1600 1586 1688 1613 mu-

243 1643 412 1682 lieribus
448 1641 820 1690 commendavisse,
860 1653 1100 1693 quamquam
1137 1643 1214 1683 alia
1255 1656 1416 1695 quoque
1455 1643 1688 1682 coniectura

243 1711 413 1751 subnata
450 1712 532 1757 est,
564 1710 880 1761 Aristophanem
910 1710 950 1749 in
980 1711 1187 1762 parabasi‚
1214 1712 1283 1751 ubi
1313 1713 1364 1751 de
1394 1713 1481 1764 ipsa
1511 1716 1612 1760 arte,
1641 1715 1687 1751 ut

244 1781 370 1827 solet,
409 1779 579 1826 dixerit,
618 1779 740 1818 huius
776 1779 857 1818 viui
889 1780 1134 1819 mentionem
1164 1780 1337 1830 fecisse,
1376 1782 1578 1833 retulique
1607 1781 1689 1821 huo

243 1861 323 1901 ope
351 1848 461 1887 illius
490 1848 651 1899 glossae
680 1860 870 1888 versuum
899 1848 1103 1900 reliquias,
1134 1862 1238 1901 quae
1266 1850 1373 1902 apud
1398 1850 1688 1892 Athenaeum!

246 1931 290 1970 p.
319 1917 374 1956 30
405 1918 436 1956 Β
467 1916 672 1968 leguntur,
701 1916 770 1966 ita,
799 1921 845 1956 ut
874 1917 1047 1966 videtur,
1078 1919 1377 1959 restituendae:

306 1979 414 2023 Οὔτε
444 1980 525 2037 γὰρ
554 1983 752 2038 σκληροῖς
780 1985 980 2034 ποιηταῖς
1006 1978 1157 2034 ἥδεται
1183 1981 1476 2041 κᾶστὲμᾳεσιν

251 2066 253 2069 ’
301 2048 398 2091 οὔτε
429 2048 573 2100 (πόλις
601 2049 884 2105 Ἀθηναίων)
914 2049 1164 2108 σκληροῖσιν
1191 2054 1324 2104 οἴνοις
1351 2053 1598 2111 Πραμνίοις

298 2124 315 2146 *
347 2123 364 2144 *
395 2124 413 2144 *
442 2116 679 2173 συνάγουσι
707 2119 784 2169 τὰς
813 2118 949 2176 ὀφρῦς
978 2136 1020 2162 τε
1051 2123 1125 2162 καὶ
1152 2121 1231 2173 τὴν
1259 2124 1441 2174 κοιλίαν,

299 2185 411 2228 ἀλλὰ
439 2186 566 2242 (μὴν)
595 2186 829 2247 ἀνθοσμίᾳ
855 2191 929 2232 καὶ
958 2191 1114 2233 πέπονι
1142 2193 1482 2248 νεκταροσταγεῖ.

249 2259 336 2300 cfr.
361 2258 470 2300 infra
500 2259 570 2300 Fr.
601 2259 687 2302 Ine.

930 2372 1002 2411 ΠΙ.

301 2449 358 2492 Α,
385 2446 540 2505 Ἰχθὺς
567 2447 751 2500 ἐώνηταί
779 2464 842 2499 τις
871 2447 900 2501 ἢ
927 2449 1134 2502 σηπίδιον

301 2527 330 2581 ἢ
357 2530 434 2572 τὸν
463 2532 677 2574 πλατειῶν
704 2532 895 2589 καρίδων
922 2530 951 2585 ἢ
981 2532 1240 2586 πουλύπους,
1301 2582 1310 2590 ,

303 2608 332 2663 ἢ
360 2614 508 2664 νῆστις
536 2613 695 2657 ὀπτᾶτ’
698 2613 767 2668 φ’,2
793 2614 957 2670 γαλεός,
988 2614 1016 2668 ἡ
1046 2615 1270 2693 τευθίδεςς

1392 2695 1613 2712 llllll
