1716 3164
210 146 293 187 688
787 145 1068 190 PLAToNis

263 258 292 298 5
321 253 374 313 τῇ
405 253 532 295 παιδὶ
560 251 662 303 τοὺς
689 251 850 303 αὐλοὺς
876 253 1002 310 ἐχρῆν
1031 251 1118 306 ἤδη
1147 255 1234 312 πρὸ
1257 257 1397 314 χειρὸς
1423 251 1549 312 εἶναι,

316 338 391 378 καὶ
420 335 785 393 προσαναφνσᾶν.
812 335 863 378 τὸ
890 334 1030 394 μύρον
1058 335 1143 389 ἤδη
1173 339 1390 396 παράχεον
1417 342 1608 397 βαδίζων

320 416 577 472 Αἰγύπτιον,
606 410 710 476 κᾷτ’
742 419 900 477 ἴρινον·
931 421 1152 478 στέφανον
1182 419 1232 463 δ’
1265 421 1414 466 ἔπειθ’
1442 425 1605 486 ἑκάστῳ

320 501 447 544 δώσω
478 503 621 559 φέρων
650 501 736 544 τῶν
766 502 1007 559 ξυμποτῶν.
1043 503 1251 561 νεοκρᾶτά
1281 521 1344 556 τις
1373 508 1560 554 ποιείτω.

316 587 391 627 καὶ
420 584 473 636 δὴ
504 587 717 642 κέκραται.
746 585 825 629 τὸν
852 587 1099 642 λιβανωτόν
1127 589 1343 640 ἐπιτιθεὶς
1371 583 1477 636 εἶπε.

235 674 290 712 10
319 669 488 720 σπονδὴ
517 673 596 724 μὲν
627 668 711 722 ἤδη
741 671 899 726 γέγονέ,
928 672 1003 714 καὶ
1032 670 1228 723 πίνοντές
1256 670 1341 716 εἰσι
1369 673 1527 731 πόρρω.

316 754 390 795 καὶ
420 752 594 795 σκόλιον
622 745 766 812 ᾖσται,
799 752 1015 810 κότταβος
1044 755 1071 796 δ
1086 754 1096 768 '
1124 755 1331 812 ἐξοίχεται
1358 756 1537 815 θύραζε.

318 833 478 886 αὐλοὺς
508 836 533 877 δ
552 835 562 847 ⁰
596 835 754 892 ἔχουσά
779 854 844 888 τις
872 837 1051 896 κορίσκη
1081 839 1276 897 Καρικὸν
1303 841 1430 896 μέλος
1460 858 1502 884 τι

318 919 529 975 μελίζεται
561 924 649 971 τοῖς
679 920 934 978 συμπόταις,
969 920 1132 975 κᾶλλην
1160 923 1368 981 τρίγωνον
1395 918 1514 968 εἶδον

319 1002 517 1060 ἔχουσαν,
546 996 627 1046 εἶτ’
661 998 767 1064 ᾖδεν
794 1006 900 1065 πρὸς
929 1004 1036 1050 αὐτὸ
1065 1008 1192 1063 μέλος
1220 1005 1411 1053 Ἰωνικόν
1439 1025 1495 1053 τι.

319 1157 557 1198 Athenaeus
588 1155 663 1197 XV
692 1169 733 1209 p.
764 1155 911 1196 665b:
951 1155 1025 1196 καὶ
1054 1153 1136 1210 γὰρ
1164 1155 1237 1195 καὶ
1267 1154 1362 1209 περὶ
1392 1152 1546 1206 τάξεως
1575 1151 1661 1195 τῶν

209 1223 454 1280 περιᾳοριῦν
482 1221 687 1277 πολλάκις
716 1223 895 1276 ἐλέχθη,
925 1225 999 1264 καὶ
1029 1226 1124 1280 περὶ
1155 1223 1240 1264 τῶν
1268 1222 1376 1278 μετὰ
1404 1222 1455 1265 τὸ
1486 1223 1663 1265 δεῖπνον

207 1293 557 1346 ἐπιτελουμένων,
591 1288 699 1348 ἅπερ
727 1294 801 1334 καὶ
814 1290 939 1347 μόλις
969 1292 1345 1349 ἀναπεμπάζομαι,
1374 1289 1568 1342 εἰπόντος
1591 1307 1659 1334 τι-

208 1362 280 1412 νος
321 1364 406 1403 τῶν
444 1361 625 1418 ἑταίρων
664 1362 717 1402 τὰ
755 1362 799 1403 ἐκ
842 1362 927 1403 τῶν
964 1363 1185 1405 Λακώνων
1211 1361 1450 1412 Πλάτωνος
1480 1359 1658 1417 ἰαμβεῖα

198 1427 389 1488 “Ἀνδρες
427 1430 759 1483 δεδειπνήκασιν
794 1429 878 1483 ἤδη
916 1433 1006 1477 κτλ.
1081 1438 1251 1476 Frustra
1295 1436 1658 1488 Schweighaeuse-

207 1517 277 1545 rus
312 1517 578 1557 personarum
609 1509 747 1556 partes
785 1506 979 1557 appositis
1009 1507 1115 1546 notis
1145 1506 1408 1545 distincturus
1439 1509 1538 1544 erat.
1595 1505 1658 1545 Ab

206 1587 289 1615 uno
321 1574 549 1625 eodemque
577 1575 710 1613 omnia
740 1575 966 1615 recitantur
993 1575 1173 1625 homine,
1204 1588 1414 1615 servorum
1443 1579 1536 1626 post
1565 1586 1660 1613 coe-

206 1657 300 1684 nam
338 1656 550 1683 sermones
589 1649 631 1682 et
661 1644 919 1684 sedulitatem
951 1644 1151 1684 festiviter
1180 1646 1376 1684 imitante.
1436 1643 1661 1683 infeliciter

205 1715 247 1755 in
278 1714 358 1753 hoc
387 1714 478 1752 loco
510 1712 765 1752 emendando
796 1719 978 1754 versatus
1018 1720 1080 1754 est
1110 1714 1314 1766 Reisigius
1347 1714 1463 1753 Coni.
1492 1726 1533 1765 Ρ.
1565 1713 1660 1752 100.

207 1784 278 1824 Vs.
309 1783 331 1821 1
377 1788 471 1821 ante
503 1782 757 1821 Dindorfium
787 1778 953 1836 ἄνδρες.
995 1809 1050 1816 —-
1094 1784 1164 1825 Vs.
1195 1784 1222 1822 4
1263 1783 1356 1822 libri
1399 1775 1658 1834 εἰσέρχομαι.

209 1854 396 1893 Correxit
434 1854 692 1891 Hermannus
731 1852 781 1891 de
820 1853 968 1892 Metris
999 1866 1038 1905 p.
1068 1854 1161 1892 176.
1231 1853 1311 1891 Pro
1348 1849 1575 1903 παραχέων
1609 1863 1659 1889 ex

208 1921 242 1961 P
273 1925 481 1960 enotatum
513 1920 742 1973 παραχέον,
773 1923 1049 1974 superscripto
1080 1922 1246 1961 ultimae
1276 1921 1455 1973 syllabae
1486 1933 1531 1959 ω.
1594 1921 1657 1959 la-

208 1991 369 2032 cobsius
401 1990 611 2030 Animadv.
642 1990 792 2031 Athen.
823 2005 863 2043 p.
894 1993 974 2031 349
1006 1997 1165 2031 servato
1195 1986 1462 2042 εἰσέρχομαι,
1503 1989 1657 2028 scribe-

208 2061 277 2100 bat
307 2058 523 2113 παρέχων,
555 2061 753 2111 probante
783 2074 890 2100 nunc
920 2063 1154 2100 Hermanno
1186 2062 1322 2100 Doctr.
1354 2064 1471 2098 metr.
1504 2072 1543 2110 p.
1576 2058 1658 2097 148

208 2134 252 2170 et
281 2134 324 2169 ut
353 2130 514 2169 videtur
545 2131 751 2169 Lobeckio
778 2131 828 2169 ad
859 2131 1009 2170 Buttm.
1041 2132 1218 2170 Gramm.
1251 2129 1288 2167 ll
1320 2142 1358 2180 p.
1389 2129 1483 2167 489.
1514 2140 1660 2179 παρα-

204 2197 314 2251 χέων
344 2199 473 2238 futuri
502 2199 675 2238 formam
708 2213 800 2238 esse
829 2205 1017 2251 negante.
1077 2201 1130 2239 Et
1158 2204 1306 2246 tamen,
1337 2199 1371 2236 si
1401 2197 1495 2248 quid
1527 2197 1658 2244 video,

209 2269 288 2308 hoc
317 2269 408 2308 loco
439 2268 621 2308 futurum
654 2270 927 2308 necessarium
958 2274 1045 2317 est,
1085 2274 1131 2308 ut
1167 2269 1231 2308 vel
1261 2268 1366 2307 hanc
1395 2268 1446 2306 ob
1477 2278 1659 2305 caussam

193 2336 408 2390 “’παρέχων
446 2351 524 2377 non
564 2339 727 2390 probari
766 2351 886 2390 posse
924 2339 1121 2378 videatur.
1190 2339 1250 2378 Ac
1286 2336 1423 2376 nescio
1454 2349 1503 2375 an
1535 2335 1658 2374 etiam

210 2420 268 2448 vs.
298 2409 322 2445 6
362 2408 620 2447 scribendum
663 2408 714 2445 sit
750 2408 977 2459 παραχέων
1008 2404 1181 2458 βαδίζω.
1244 2407 1320 2444 Pro
1359 2403 1505 2456 λίτρον
1535 2405 1657 2443 Date-

211 2477 391 2528 campius
434 2474 637 2530 λουτρον,
688 2477 841 2515 addens
890 2482 1046 2522 tamen,
1101 2472 1246 2527 λίτρον
1302 2474 1494 2526 explicari
1538 2485 1673 2524 posses

211 2545 263 2584 de
293 2547 404 2583 m'tro
446 2559 554 2597 aqua
592 2547 726 2585 diluto
766 2545 948 2584 manibus
990 2544 1284 2596 abstergendis.
1359 2543 1508 2581 Dubito
1561 2553 1657 2580 num

211 2619 348 2662 recte3
378 2626 616 2665 quamquam
656 2618 804 2654 nitrum
844 2615 1025 2653 manibus
1055 2614 1235 2652 lavandis
1266 2612 1501 2651 adhibuisse
1530 2611 1657 2649 Grae-

212 2696 282 2724 cos
324 2688 480 2724 constat
517 2696 566 2723 ex
602 2684 770 2723 Libanio
800 2684 911 2723 Orat.
943 2683 1021 2723 vol.
1054 2683 1110 2725 lV
1139 2696 1180 2735 p.
1211 2681 1292 2721 140
1331 2685 1373 2720 et
1409 2678 1657 2731 Alciphrone
