1716 3164
206 166 318 209 1016
713 167 1126 213 ARISTOPHANIS

207 290 372 331 quoque
400 277 563 326 fabula,
594 287 698 328 quae
728 272 833 324 Ζεὺς
860 273 1121 331 κακούμενος
1148 279 1406 328 inscribitur,
1449 279 1557 319 Iovis
1587 266 1660 321 nc-

204 348 304 388 mini
346 357 601 398 nequaquam
639 345 801 385 videtur
840 349 1091 400 pepercisse.
1160 349 1351 387 Ceterum
1387 348 1468 388 huc
1506 351 1661 399 spectat

210 414 341 456 schol.
370 414 539 454 Luciani
568 414 684 454 Alex.
715 427 750 454 c.
779 416 807 454 4
837 429 860 455 e
890 417 982 457 cod.
1013 416 1206 457 Vindob.=
1249 410 1306 454 ‘0
1336 413 1379 454 δὲ
1410 412 1662 470 Εὐρύβατος

215 478 274 530 ὥς
301 479 489 535 πονηρὸς
516 480 590 521 καὶ
610 479 867 537 πανοῦργος,
894 482 1001 538 πρὸς
1029 483 1075 523 δὲ
1103 484 1176 523 καὶ
1205 478 1418 537 προδότης
1446 479 1661 537 εἰσάγεται

212 545 535 605 Ἀριστοφάνει
558 549 620 607 τῷ
646 551 815 608 κωμικῷ
842 551 916 593 καὶ
944 551 1211 609 Δημοσθένῃ
1240 549 1299 607 τῷ
1327 546 1488 608 ῥήτορι.
1516 603 1518 606 v
1579 575 1581 577 ·

910 673 965 714 11.

317 752 576 805 Hesychius:
611 750 941 794 Δαιδάλεια·
981 750 1310 808 Ἀριστοφάνης
1338 750 1415 793 τὸν
1443 748 1529 792 ἀπὸ
1557 751 1662 793 Δαι-

221 815 358 860 δάλου
386 822 804 863 κατασκευασθέντα
832 817 1084 877 ἀνδριάντα.
1139 819 1196 870 ὠς
1235 819 1307 862 διὰ
1343 819 1394 861 τὸ
1423 816 1663 875 ἀποδιδρά-

213 900 334 928 σκειν
392 887 632 942 δεδεμένον.
699 892 927 932 Daedaleae
968 893 1064 931 artis
1107 895 1368 932 monumenta
1412 893 1492 931 tam
1537 892 1663 930 artifi-

213 959 327 999 ciose
357 960 563 1001 elaborata
592 973 683 1000 esse
713 961 994 1010 credebantur,
1024 964 1068 1000 ut
1105 962 1218 1012 quasi
1248 961 1386 1000 vivere
1415 960 1663 1008 viderentur,

209 1028 292 1068 vid.
322 1030 510 1082 Euripid.
540 1030 700 1070 Hecub.
730 1030 827 1078 821,
865 1030 1002 1080 ibique
1040 1030 1169 1070 schol.
1200 1029 1370 1069 Daedali
1409 1032 1544 1067 autem
1575 1041 1662 1068 me-

211 1098 343 1138 moria
372 1098 577 1150 quomodo
619 1111 710 1138 cum
740 1099 846 1138 Iovis
874 1098 996 1137 furtis
1035 1103 1076 1138 et
1103 1098 1315 1137 fraudibus
1350 1097 1571 1147 composita
1600 1097 1664 1145 sit,

218 1165 343 1206 facile
379 1166 591 1218 intelligis,
622 1167 657 1206 si
685 1166 914 1206 recordaris
943 1167 1132 1218 antiquae
1165 1166 1275 1204 illius
1302 1165 1436 1203 famae
1472 1164 1523 1203 de
1553 1164 1666 1204 Pasi-

200 1235 326 1287 “phae
356 1237 398 1274 et
426 1239 568 1284 tauro,
597 1247 701 1287 quae
731 1235 908 1276 comicos
936 1239 1080 1289 poetas
1108 1234 1160 1275 ad
1189 1233 1401 1275 consimile
1428 1233 1667 1285 figmentum

222 1302 347 1346 facile
375 1302 553 1345 adduxit.

908 1385 994 1427 HL·

437 1464 616 1518 Πάσαις
643 1468 844 1523 γυναιξὶν
871 1469 916 1522 ἐξ
944 1467 1035 1518 ἑνός
1063 1469 1110 1523 γε’
1139 1483 1216 1510 του
1242 1465 1406 1525 τρόπου

440 1547 585 1607 ὥσπερ
615 1553 812 1623 παροψὶς
837 1551 987 1608 μοιχὸς
1016 1552 1338 1608 ἐσκευασμένος.

334 1664 573 1707 Athenaeus
592 1663 649 1704 lx
678 1677 720 1716 p.
736 1662 889 1702 367D:
918 1660 1130 1717 Παροψὶς
1157 1689 1212 1697 -—
1241 1661 1312 1704 ἐπὶ
1339 1664 1421 1717 μὲν
1442 1659 1527 1717 γὰρ
1555 1659 1672 1719 ὄψου

225 1730 634 1787 παρεσκευασμένου
676 1727 874 1770 ποικίλου
915 1731 989 1770 καὶ
1040 1730 1180 1780 εἴδους
1218 1729 1335 1779 τινὸς
1377 1727 1576 1772 τοιούτου
1616 1760 1671 1766 -

218 1797 548 1856 Ἀριστοφάνης
560 1795 786 1854 Δαιδάλῳ·
816 1795 993 1847 Πάσαις
1014 1814 1053 1852 y.
1065 1798 1157 1842 κτλ.
1185 1803 1352 1853 Repetit
1366 1802 1472 1841 infra
1486 1816 1525 1854 p.
1539 1803 1620 1842 368
1638 1804 1671 1843 C

142 1913 149 1926 s
219 1866 384 1924 τρόπου
414 1865 539 1911 codd?
561 1874 607 1910 ut
634 1871 795 1910 videtur
824 1882 965 1910 omnes
995 1871 1206 1920 omittunt,
1235 1870 1387 1922 legitur
1414 1872 1455 1912 in
1488 1871 1554 1912 ed.
1586 1872 1668 1914 VL.

222 1940 426 1981 Dicuntur
453 1939 557 1981 haec
586 1939 639 1980 de
667 1938 793 1979 Leda.

443 2125 578 2169 ’,Ωιὸν
605 2126 809 2179 μέγιστον
835 2125 1015 2178 τέτοκεν,
1043 2122 1100 2174 ὥς
1128 2122 1381 2180 ἀλεκτρυών.

439 2207 524 2251 ‘'Ev
553 2208 664 2250 ἴστε·
695 2208 854 2250 πολλαὶ
882 2207 968 2249 τῶν
996 2204 1288 2264 ἀλεκτρυόνων
1317 2205 1397 2266 βίᾳ

445 2289 663 2345 ὑπηνέμια
691 2287 910 2332 τίκτουσιν
938 2288 1002 2349 ᾠὰ
1033 2287 1250 2339 πολλάκις.

335 2406 572 2446 Athenaeus
603 2403 660 2443 IX
689 2417 729 2455 p.
760 2402 842 2442 374
873 2404 930 2443 C:
975 2401 1050 2441 καὶ
1086 2395 1410 2456 Ἀριστοφάνης
1451 2397 1670 2456 Δαιδάλῳ·

223 2470 354 2514 ’,Ωιὸν
382 2472 471 2513 κτλ.
500 2498 556 2504 -—
584 2471 658 2511 καὶ
686 2466 838 2509 πάλιν·
877 2469 1052 2509 Πολλαὶ
1080 2469 1169 2511 κτλ.
1209 2472 1288 2510 nisi
1317 2472 1424 2522 quod
1455 2472 1561 2512 PVL
1601 2484 1672 2511 ex-

224 2544 367 2583 hibent
394 2544 554 2583 inverso
584 2541 727 2581 ordine
755 2534 971 2591 ὑπηνέμια
1000 2537 1094 2596 βία.
1149 2540 1391 2580 Eustathius
1419 2554 1459 2592 p,
1477 2540 1586 2579 1479
1615 2541 1671 2580 28

227 2612 377 2651 omisso
414 2615 562 2663 poetae
598 2610 764 2650 nomine
804 2606 962 2647 πολλαὶ
1004 2606 1090 2647 τῶν
1126 2603 1416 2662 ἀλεκτρυόνων
1453 2602 1671 2660 ὑπηνέμια

225 2675 456 2722 τίκτουσιν.
521 2679 753 2722 Secundum
794 2677 1067 2732 fragmentum
1107 2677 1264 2719 auctius
1293 2676 1468 2717 servavit
1496 2676 1669 2718 photius
