1716 3164
595 148 806 195 YHEPB
814 143 991 191 ΟΛΟΣ.
1453 146 1533 191 rm

109 269 167 313 Β.
199 265 312 324 ἀτὰρ
340 265 418 310 οὐκ
447 264 620 322 ἔλαχον.
677 263 736 308 A.
766 257 885 319 ὅμως
913 259 1075 318 ἔλαχες,
1104 254 1161 312 ἢν
1190 256 1296 301 νοῦν
1324 256 1435 317 ἔχῃς.

53 342 140 385 Sed
181 342 427 384 videndum·
451 354 506 382 ne
550 338 708 381 servari
755 338 888 391 possit
930 336 1044 375 edita
1084 334 1232 384 lectio;
1277 345 1536 389 nequequam

22 452 24 455 .
55 414 166 455 enim
196 412 442 454 incredibile
474 415 537 453 est
568 410 771 452 excidisse
802 419 991 456 versum,
1029 406 1146 446 cuius
1183 406 1289 447 haec
1317 404 1410 446 fere
1440 418 1536 447 sen·

54 486 184 526 tentia
213 485 365 525 fuerit:

254 553 311 595 B.
344 550 421 607 ἕγώ
454 549 537 605 γὰρ
566 547 746 603 ἔλαχον,·
777 544 984 602 οὐδαμῶς
1013 545 1078 601 μὰ
1107 543 1188 586 τὸν
1217 543 1301 587 Δία

56 628 121 669 Ad
153 641 258 681 quae
294 627 374 666 iam
412 629 527 664 recte
558 624 596 687 1}
626 621 922 674 responderet,
965 613 1079 673 ἀτὰρ
1109 613 1162 658 οὐ
1188 616 1334 672 λαχών
1363 624 1442 660 etc.
1482 645 1537 650 —

56 700 130 741 vs.
161 700 189 740 4
236 698 366 746 codex
410 692 500 740 πῶς
545 689 626 732 οὐν
669 686 725 742 ἢν
766 688 847 745 ἔχω
893 689 1011 731 νοῖν.
1086 692 1277 733 Correxit
1306 692 1538 732 Bekkerus.

14 753 15 774 ;
61 770 175 822 Quid
207 767 326 809 istud
362 771 425 806 est
464 765 575 819 quod
618 764 729 804 dicis
775 766 844 814 „si
885 763 1121 817 sapz‘am'’?
1180 764 1395 804 Hanovius
1447 759 1539 809 πῶς

56 838 179 889 νοῦν,·
209 834 290 891 ἔχω
320 834 439 878 νοῦν.
473 862 526 869 —-
572 836 643 877 vs.
675 836 702 875 5
734 836 864 875 codex
896 830 1083 876 οὐδέπω.
1114 836 1248 876 Recte
1278 834 1538 875 Fritzschius

52 907 249 964 μηδέπω.
310 909 526 949 Hanovius
562 903 763 946 κούδέπω
801 901 848 956 y'
894 904 1127 961 ἐλευθέρῳ.
1189 906 1395 959 Bergkius
1435 899 1539 944 κού-

54 977 204 1036 δαμῶς
233 974 542 1035 γ’,ἐλευθέρῃ
572 1004 628 1011 -—-
659 979 730 1020 Vs.
763 978 789 1018 7
822 975 984 1030 βουλῆς
1014 977 1171 1031 pendet
1201 978 1252 1018 ab
1282 975 1509 1031 ἐπέλαχον.

206 1178 301 1220 Καὶ
330 1175 546 1218 τοσοῦτον
575 1173 742 1232 εὗερὶας
771 1172 1040 1231 einoldum(
1069 1172 1355 1230 “Υπέρβολος,

195 1256 287 1304 ὥστ
298 1259 308 1274 ’
341 1260 454 1317 αὐχμ
461 1258 619 1311 ὀτατὸς
647 1263 738 1304 ἐστι
747 1295 757 1305 .

168 1377 399 1418 Scholiasta
428 1377 720 1430 Aristophanis
751 1379 826 1418 Av.
850 1378 959 1417 121:
988 1372 1159 1431 εὔερον]
1192 1369 1289 1415 οἷον
1317 1370 1539 1428 μαλακήν,

52 1439 199 1501 ὥσπερ
225 1442 414 1501 σισύραν
443 1442 622 1501 εὐέριον.
642 1442 838 1486 Πλάτων
859 1446 954 1487 Καὶ
982 1445 1199 1488 τοσοῦτον
1228 1443 1398 1503 εὐερίας
1427 1443 1539 1486 ἀπο·

53 1516 259 1559 λὲλαυκεν
289 1513 312 1558 ὁ
347 1514 619 1573 ’Υπέρβολος
646 1511 758 1559 ὥστε
789 1514 1079 1572 αὐχμώτατός
1109 1517 1217 1559 ἐστι.
1276 1521 1388 1560 Hinc
1424 1532 1539 1559 sum-

54 1592 138 1646 psit
167 1591 318 1632 Suidas
347 1605 382 1632 s.
413 1606 451 1632 v.
481 1586 645 1645 εὔερον.
687 1586 883 1631 Πλάτων
908 1586 1169 1646 “Υπερβόλῳ
1198 1589 1293 1631 Καὶ
1323 1588 1540 1630 τοσοῦτον

56 1662 136 1714 τῆς
164 1659 331 1718 εὐερίας
360 1657 672 1712 ἀπολέλαυκεν,
704 1656 816 1704 ὥστ’
850 1658 1114 1712 ἀθλιωτάτη
1145 1659 1250 1703 ἐστι’.
1311 1663 1539 1704 Constituit

53 1736 193 1777 locum
231 1740 278 1776 ut
318 1747 441 1788 supra
478 1735 676 1788 adscripsi
717 1736 932 1776 Dobracus
971 1736 1022 1775 ad
1053 1735 1266 1788 Aristoph.
1299 1735 1406 1775 Nub.
1438 1733 1538 1773 518.

56 1808 149 1848 Nec
178 1812 316 1847 tamen
347 1811 594 1858 persanatus
625 1807 800 1847 videtur.
860 1808 920 1847 Ut
950 1807 1059 1846 enim
1099 1807 1258 1846 mittam
1290 1806 1425 1845 minus
1454 1805 1539 1845 usi-

53 1881 180 1918 tatum
225 1890 319 1918 esse
362 1877 533 1917 secundi
581 1878 698 1930 pedis
742 1880 786 1918 in
833 1890 957 1918 versu
997 1877 1234 1930 Eupolideo
1273 1876 1537 1927 solutionem,

53 1948 189 2003 ipsum
219 1948 325 1989 illud
354 1942 634 2002 αὐχμότατος
662 1949 763 2001 quid
791 1949 958 1989 tandem
991 1950 1084 1989 est?
1142 1950 1271 1998 Num,
1302 1954 1349 1988 ut
1374 1942 1538 2001 χρυσό-

54 2031 176 2074 τερος
205 2033 228 2060 a
254 2014 437 2074 χρυσός,
474 2022 531 2060 ita
574 2016 854 2072 αὐχμότατος
894 2022 945 2063 ab
986 2015 1155 2072 αὐχμὸς
1186 2019 1409 2060 formatum
1442 2021 1537 2060 est?

45 2090 149 2151 ‘Non
185 2091 326 2132 credo.
393 2092 483 2132 Nec
519 2092 741 2144 quidquam
782 2092 955 2144 prodest
991 2092 1026 2131 si
1069 2092 1160 2144 quis
1199 2087 1537 2144 αὐχμηροτατος

57 2151 240 2203 boribere
270 2162 385 2203 velit.
436 2163 614 2202 Omnino
646 2162 742 2215 quid
773 2163 957 2203 sordium
989 2164 1327 2202 commemoratio
1358 2164 1428 2204 hic
1458 2163 1536 2204 sibi

55 2233 158 2273 velit
195 2245 277 2274 non
315 2233 518 2287 intelligo.
581 2234 757 2274 Videant
795 2235 865 2273 alii
896 2248 946 2274 an
979 2247 1028 2274 ex
1060 2234 1214 2274 Suidae
1246 2235 1429 2274 lectione
1459 2235 1535 2274 ali-

56 2303 156 2355 quid
196 2302 376 2344 eliciant.
435 2305 497 2345 De
526 2305 561 2345 F
564 2304 748 2345 ritzschii
782 2311 933 2345 conatu
964 2306 1079 2347 Actis
1110 2306 1203 2345 Soc.
1236 2317 1298 2358 gr.
1333 2305 1348 2344 l
1380 2318 1422 2358 p.
1453 2305 1536 2345 140

57 2372 248 2414 consulto
278 2374 400 2413 tacui.

761 2460 832 2502 Vl.

167 2541 408 2583 Athenaeus
439 2543 477 2583 ll
508 2556 549 2596 1).
566 2543 622 2583 56
637 2543 660 2583 f
665 2559 676 2584 :
707 2539 1050 2599 ὑποκοριστικῶς
1081 2543 1134 2585 δ’
1168 2545 1306 2602 εἴρηκε
1338 2543 1534 2586 Πλάτων

56 2608 103 2652 ἐν
127 2607 383 2669 ’Υπερβόλῳ
418 2609 666 2655 Φύλλιον
693 2609 724 2665 ἢ
752 2615 1121 2672 ῥαφανίδιον.
1181 2619 1397 2660 Dobraeus
1427 2619 1530 2660 Adv.

59 2683 99 2723 11
127 2697 167 2737 p.
196 2685 280 2725 298
320 2685 552 2740 suspicatur
591 2684 798 2741 φυλλεῖον
832 2683 862 2739 ἢ
890 2686 1185 2746 ῥαᾳιινιδίου,
1215 2691 1283 2734 cll.
1315 2691 1529 2746 Aristoph.

59 2752 166 2796 Plut.
195 2755 293 2797 544.
