1716 3158
595 139 1047 182 ARISTOPHANES.
1475 143 1558 186 om

83 257 318 303 comoedias
355 267 437 297 non
468 267 492 294 a
523 253 774 306 Callistrato,
804 255 878 296 sed
908 256 958 296 ab
989 253 1268 308 Aristophane
1307 257 1558 310 compositas

60 331 222 372 fuisse.
280 329 364 368 Iam
396 325 506 380 quod
535 327 578 366 in
609 326 807 378 Equitum
838 328 1029 379 parabasi
1059 340 1097 368 v.
1127 326 1213 367 512
1244 326 1368 368 dicit:

121 395 189 441 “A
221 397 267 439 δὲ
298 392 550 449 θαυμάζειν
578 391 702 450 ὑμῶν
731 408 872 450 φησιν
902 394 1091 446 πολλοὺς
1118 393 1239 454 αὐτῷ
1267 391 1535 451 προσιόντας

127 470 204 512 καὶ
222 466 490 523 βασανίζειν,
516 463 577 515 ὥς
603 463 704 521 οὐχὶ
732 463 872 508 πάλαι
897 464 1033 523 χορὸν
1062 461 1210 518 αἰτοίη
1240 465 1359 508 καθ’
1382 464 1554 519 ἑαυτόν,

125 538 242 595 ἡμᾶς
273 537 377 594 ὑμῖν
405 538 599 580 ἐκέλευσε
629 534 812 592 φράσαι.

69 616 114 655 id
145 615 394 655 documento
437 615 523 659 est,
564 610 854 664 Aristophanis
877 611 1050 652 «laudem
1083 615 1126 652 et
1159 599 1317 653 nomen*
1343 610 1426 652 cito
1456 624 1553 664 per-

69 687 296 727 crebuisse.
366 684 462 723 Hoc
501 675 640 720 πάλαι
672 684 741 734 qui
782 682 953 722 minime
993 695 1147 736 urgere
1184 683 1309 733 velit,
1345 685 1462 723 certe
1499 682 1553 723 ad

16 765 17 768 ’
73 757 364 799 Acharnenses
403 752 572 793 referre
605 754 750 804 debet,
789 759 911 806 quam
952 755 1210 795 comoediam
1251 754 1393 794 docuit
1423 753 1551 793 Calli-

73 832 226 869 stratus
254 838 359 866 anno
391 830 500 873 ante,
532 837 655 876 quam
687 825 863 877 Equites
894 826 1079 866 exhibuit
1109 827 1202 880 ipse
1233 824 1548 877 Aristophanes.

66 901 208 951 Itaque
243 898 324 941 hoc
363 895 530 947 quidem
574 896 802 949 tenendum
842 900 926 944 est,
968 897 1092 937 etiam
1124 897 1417 939 Acharnenses
1455 908 1550 946 cum

62 972 308 1022 agerentur,
341 979 421 1005 non
453 965 760 1015 Callistratum,
791 964 864 1006 sed
896 966 1219 1020 Aristophanem
1249 969 1375 1021 vulgo
1403 972 1548 1008 aucto-

60 1052 150 1079 rem
182 1037 426 1078 comoediae
454 1037 642 1077 habitum
674 1051 788 1077 esse:
830 1050 959 1090 quare
998 1040 1139 1079 omnia
1166 1051 1272 1092 quae
1309 1039 1396 1079 illic
1424 1042 1549 1092 poeta

64 1110 164 1149 dicit
194 1109 246 1149 de
276 1122 337 1158 se,
366 1108 418 1148 ad
448 1109 784 1162 Aristophanem,
814 1124 898 1153 non
929 1111 981 1153 ad
1006 1111 1290 1152 Callistratum
1320 1110 1547 1151 referenda

62 1186 173 1222 sunt.
249 1181 434 1220 Necesse
465 1184 576 1220 esset
605 1180 662 1220 ita
692 1185 992 1232 statueremus,
1032 1183 1155 1223 etiam
1195 1183 1230 1223 si
1260 1194 1431 1235 prorsus
1460 1193 1546 1222 non

59 1255 339 1304 congruerent
377 1263 470 1290 cum
510 1251 799 1304 Aristophanis
840 1267 1041 1306 persona,
1090 1266 1196 1306 quae
1232 1254 1291 1294 ibi
1336 1253 1546 1306 leguntur,

19 1343 22 1347 ·
58 1323 188 1362 multo
226 1334 324 1361 vero
364 1322 520 1375 magis,
562 1323 898 1376 quandoquidem
937 1325 1076 1365 omnia
1105 1325 1263 1378 optime
1293 1323 1546 1365 conveniunt

56 1393 99 1433 in
129 1393 241 1433 hunc
270 1397 451 1444 poetam.
510 1394 567 1434 Et
596 1394 774 1447 primum
805 1396 972 1447 quidem
1004 1395 1114 1449 quod
1144 1396 1302 1448 legitur
1329 1409 1369 1437 v.
1399 1395 1507 1436 2092

228 1458 316 1503 Οὐκ
346 1457 685 1517 ἀνασχήσομαι·
717 1462 830 1517 μηδὲ
861 1464 953 1518 λέγε
983 1479 1061 1519 μοι
1092 1461 1147 1506 σύ
1179 1462 1336 1519 λόγον·

220 1529 279 1582 ὥς
305 1530 529 1588 μεμίσηκά
560 1548 608 1576 σε
640 1533 845 1585 Κλέωνος
875 1533 940 1577 ἔτι
970 1535 1157 1591 μᾶλλον,
1188 1531 1242 1578 ὂν

220 1604 453 1659 κατατεμῶ
481 1606 624 1647 τοῖσιν
654 1605 838 1649 ἱππεῦσι
869 1606 1146 1663 καττύματα.

55 1677 312 1731 apertissime
351 1691 399 1718 ex
431 1679 720 1732 Aristophanis
751 1694 930 1733 persona
961 1680 1117 1721 dictum
1148 1683 1235 1731 est,
1264 1678 1334 1732 qui
1362 1678 1539 1732 Equites

53 1749 95 1789 in
127 1749 327 1789 Cleonem
367 1748 448 1788 iam
478 1753 576 1790 tunc
605 1750 895 1799 meditabatur.
956 1752 1062 1793 [tem
1092 1751 1205 1804 quod
1233 1750 1390 1805 legitur
1427 1749 1538 1792 infra

55 1832 94 1861 v.
125 1820 233 1860 377:
1322 1838 1323 1841 ¹

222 1885 388 1930 Καίτοι
419 1887 598 1932 δέδοικα
627 1887 785 1933 πολλά.
814 1920 870 1926 -—

218 1956 354 2009 αὐτός
384 1956 428 2000 τ’
459 1959 657 2016 ἐμαυτὸν
686 1959 773 2005 ὑπὸ
806 1961 1002 2011 Κλέωνις
1031 1955 1224 2004 ἅπαθον

216 2027 464 2086 ἐπίσταμαι
494 2030 570 2073 διὰ
599 2031 681 2085 τὴν
711 2035 867 2090 πέρυσι
896 2030 1148 2091 κωμῳδίαν.

218 2094 473 2153 εἰσελκύσας
502 2100 587 2161 γάρ
614 2102 668 2161 μ’
702 2101 764 2156 εἰς
794 2103 846 2147 τὸ
876 2100 1191 2161 βουλευτήριον

219 2171 422 2226 διέβαλλε
450 2175 527 2216 καὶ
557 2175 704 2230 ψευδῆ
731 2173 1042 2231 κατεγλώττιζέ
1071 2190 1160 2230 μου

218 2241 530 2300 κάκυκλοβόρει
558 2244 794 2299 κᾶπλυνεν,
825 2241 938 2289 ὥστ’
973 2243 1129 2300 ὀλίγου
1158 2241 1277 2288 πάνυ

219 2310 464 2369 ἀπωλόμην
491 2314 1066 2373 μολυνοπραγμονούμενος.

51 2385 316 2439 Dicaeopolis
345 2386 449 2429 baec
477 2389 677 2441 loquitur,
707 2391 825 2433 cuius
856 2402 1034 2443 persona
1050 2387 1351 2441 Aristophanes
1380 2389 1438 2429 ita
1466 2391 1531 2429 est

48 2469 162 2507 usus,
194 2463 239 2502 ut
269 2471 375 2510 quae
404 2457 496 2512 ipse
526 2461 579 2501 de
608 2462 734 2503 rebus
764 2462 939 2515 publicis
970 2461 1165 2510 sentiret,
1195 2459 1329 2500 libere
1358 2460 1530 2512 eloque-

44 2534 172 2578 retur,
202 2530 343 2581 itaque
373 2542 454 2570 non
485 2531 636 2574 mirum
666 2537 744 2582 est,
775 2533 824 2582 si,
856 2544 964 2585 quae
993 2531 1084 2584 ipse
1114 2544 1139 2571 a
1161 2530 1322 2572 Cleone
1351 2543 1525 2584 perpes-

47 2610 118 2643 ωε
157 2605 267 2649 erat,
309 2601 352 2641 in
393 2601 506 2643 hunc
542 2602 762 2644 transfert:
801 2605 915 2657 atqui
953 2602 1136 2645 ostendit
1175 2601 1253 2661 hic*
1278 2602 1418 2652 locus,
1455 2602 1525 2656 qui

47 2667 202 2714 iactum
243 2672 321 2721 sit,
370 2676 416 2714 ut
454 2674 741 2728 Aristophanis
781 2688 935 2716 nomen
987 2674 1179 2715 omnibus
1217 2674 1523 2716 innotesceret:

47 2744 165 2785 recte
193 2741 416 2786 scholiasta
444 2744 497 2787 ad
525 2744 638 2788 hunc
662 2746 801 2790 locum
825 2745 948 2787 dixit:
975 2738 1035 2793 ὥς
1067 2738 1158 2786 ἀπὸ
1186 2741 1267 2786 τοῦ
1281 2738 1523 2799 προσώπου

1151 2815 1208 2857 59
1239 2816 1257 2839 *
