1716 3164
164 153 248 193 98⁶
661 149 1070 192 ARISTOPHAMS

160 261 387 314 colligenda
428 271 540 306 esse;
593 259 779 310 equidem
811 265 909 312 puto
932 262 1147 313 agricolam
1177 261 1306 310 illam,
1344 275 1434 302 cum
1463 263 1600 303 locha-

161 345 238 386 gus
275 332 430 369 electus
465 329 528 367 vel
563 329 642 368 alio
673 329 844 379 quodam
876 343 1061 385 munere¹
1086 331 1247 371 militari
1287 330 1498 372 functurus
1538 347 1599 373 es-

160 405 247 448 set,
276 398 380 439 illud
410 399 660 446 detrectare,
692 402 733 437 et
763 400 998 438 muneribus
1029 401 1295 451 imperatore·
1325 404 1503 450 tentare,
1533 403 1601 453 qui

159 470 323 522 quidem
355 467 473 506 facile
502 468 708 518 corrumpi
737 480 781 506 se
813 468 1079 518 patiebantur,
1110 481 1188 519 quo
1220 469 1381 508 nomine
1410 471 1529 510 etiam
1559 472 1600 510 in

160 540 267 578 Pace
297 540 486 577 notantur
514 549 550 575 v.
582 536 712 575 1180:
757 534 866 582 Τοὺς
902 537 980 587 μὲν
1019 533 1302 590 ἐγ)ράᾳοντες
1335 533 1464 588 ἡμῶν,
1504 536 1602 586 τοὺς

158 602 210 646 δ’
241 602 330 645 ἄνω
367 618 410 644 τε
447 603 521 643 καὶ
559 599 673 643 κάτω
698 599 1026 657 Ἕξαλείᾳοντες
1065 604 1129 651 δὶς
1169 599 1196 654 ἢ
1226 603 1326 658 τρίς,
1365 601 1517 659 αὔριον
1547 602 1594 644 δ’

156 671 262 717 ἔσθ’
295 671 321 723 ἡ
341 670 506 724 ”ξοὸ“ος·
544 670 614 728 Τῷ
642 671 686 712 δὲ
716 669 827 712 σιτί’
847 671 922 712 οὐκ
950 670 1121 723 ἐώνητ’·
1153 670 1204 713 οὐ
1222 673 1303 727 γὰρ
1323 670 1441 730 ᾔδειν
1463 670 1598 725 ἐξιών.

157 736 267 786 Εἶτα
306 739 496 798 προστὰς
535 740 640 793 πρὸς
678 739 755 780 τὸν
792 738 1030 794 ἀνδριάντα
1073 741 1147 782 τὸν
1186 742 1434 791 [[ανδιόνος
1469 734 1599 783 Eion

154 811 301 864 αὐτόν,
346 808 547 864 κάπορῶν
586 809 666 849 θεῖ
708 809 765 865 τῷ
805 809 919 865 κακῷ
961 810 1130 861 βλέπων
1169 807 1293 851 ὀπόν.
1357 811 1505 851 'saiw
1548 808 1594 851 δ’

153 881 267 936 ἡμᾶς
298 880 394 928 τοὺς
422 875 647 932 ἀγροίκους
677 878 835 932 δρῶσι,
873 876 971 927 τοὺς
1001 876 1049 917 δ’
1083 879 1127 920 ἐκ
1156 876 1318 927 ἄστεως
1343 871 1529 930 ἐΗττον,
1557 880 1600 920 οἱ

154 953 333 993 θεοῖσιν
363 942 483 990 οὗτοι
516 945 754 1001 κάνδράσιν
777 944 1051 1003 ῥιψάσπιδες.
1086 950 1171 992 Cfr.
1188 951 1341 1002 Equitt.
1358 965 1393 991 v.
1413 952 1520 991 1369
1538 965 1608 1003 sq.-

154 1023 275 1075 Quod
304 1026 438 1062 autem
471 1020 605 1061 Nicias
633 1019 741 1058 idem
772 1019 918 1057 dicitur
946 1019 1115 1068 fecisse,
1155 1020 1264 1070 quod
1301 1019 1368 1058 hic
1406 1021 1596 1071 agricola,

153 1092 197 1131 id
239 1094 336 1144 puto
377 1094 561 1142 poetam,
607 1092 652 1128 ut
691 1086 951 1127 subtimidum
993 1093 1033 1126 et
1079 1087 1418 1126 verecundantem
1457 1088 1596 1127 Niciae

154 1161 333 1201 animum
362 1162 546 1206 notaret,
581 1156 774 1195 finxisse:
814 1160 854 1194 at
883 1156 995 1194 nullo
1026 1159 1161 1194 tamen
1191 1156 1268 1194 alio
1300 1160 1483 1207 tempore
1512 1169 1596 1196 ma-

153 1230 216 1283 gis
242 1229 284 1268 in
312 1228 429 1270 istam
457 1225 822 1278 reprehensionem
852 1224 1035 1272 incurrit,
1065 1236 1183 1275 quam
1218 1237 1307 1264 cum
1340 1225 1439 1264 Cleo
1469 1225 1597 1277 Spha-

155 1299 324 1339 cteriam
354 1297 640 1348 expugnasset.
842 1347 878 1386 u

536 1427 678 1476 Συκᾶς
708 1425 877 1483 φυτεύω
906 1425 1050 1468 πάντα
1078 1425 1192 1478 πλὴν
1218 1427 1485 1477 Λακωνικῆς.

264 1513 391 1555 τοῦτο
421 1511 502 1566 γὰρ
525 1510 575 1552 τὸ
606 1511 739 1552 σῖκον
767 1507 932 1565 ἐχθρόν
959 1510 1051 1552 ἐστι
1077 1512 1151 1551 καὶ
1179 1508 1446 1565 τυραννικόν.

263 1595 316 1637 οὐ
343 1595 424 1651 γὰρ
453 1586 510 1645 ἦν
538 1590 594 1634 ἂν
622 1592 787 1649 μικρόν,
812 1588 852 1633 εἰ
877 1593 936 1646 μὴ
966 1591 1212 1647 μισόδημον
1241 1585 1296 1643 ἦν
1325 1591 1512 1648 σφόδρα.

262 1682 498 1723 Athenaeus
530 1680 588 1718 111
629 1693 668 1731 p.
698 1679 752 1717 75
792 1680 848 1718 A:
885 1676 1142 1717 Λακωνικοῦ
1177 1677 1221 1717 δὲ
1259 1674 1390 1717 σύκου
1425 1689 1594 1729 μνημο-

153 1748 263 1793 νεύει
299 1749 345 1790 ἐν
382 1747 589 1803 Ιὲωργοῖς
622 1742 951 1800 Ἀριστοφάνης
987 1745 1088 1786 ταδὶ
1123 1745 1275 1799 λέγων·
1323 1744 1465 1793 Συκᾶς
1505 1745 1593 1787 κτλ.

153 1822 344 1876 Agricola
379 1820 472 1867 ille,
512 1818 635 1856 homo
672 1818 804 1855 iustus
840 1821 880 1855 et
909 1818 1097 1869 antiquae
1135 1818 1233 1856 fidei
1270 1817 1372 1856 haec
1401 1817 1594 1868 loquitur,

152 1893 222 1944 qui
252 1891 328 1930 etsi
357 1889 455 1929 belli
473 1887 678 1926 molestias
697 1887 896 1925 detrectat
919 1892 959 1925 et
987 1887 1183 1926 tumultus
1213 1892 1398 1926 auctores
1417 1886 1593 1925 detesta-

148 1967 229 2009 tur,
258 1966 392 2001 tamen
414 1956 771 2003 Lacedaemonios,
801 1956 950 2008 quippe
980 1955 1047 2007 qui
1075 1956 1214 2007 populi
1244 1956 1421 1994 libertati
1450 1967 1592 2007 parum

148 2030 356 2076 faverent,
397 2027 501 2076 odit,
540 2027 879 2079 quemadmodum
919 2024 1172 2076 Dicaeopolis
1211 2026 1249 2064 in
1281 2025 1456 2064 Acharn.
1486 2024 1592 2064 509:

147 2093 259 2150 Ἐγῶ
292 2095 338 2136 δὲ
366 2094 482 2147 μισῶ
511 2097 589 2146 μὲν
619 2089 992 2146 Λακεδαιμονίους
1021 2088 1194 2145 σφόδρα
1230 2090 1416 2141 Καῦτοῖς
1445 2089 1469 2132 ὁ
1498 2092 1592 2132 [lo-

151 2165 306 2210 σειδῶν
341 2162 442 2205 οὑπὶ
488 2160 687 2220 Ταινάρῳ
735 2163 841 2210 θεὸς
879 2160 1037 2208 Σείσας
1088 2154 1254 2201 ἅπασιν
1297 2158 1479 2215 ἐμβάλοι
1515 2160 1592 2209 τάς

151 2232 288 2285 οἰκίας
318 2233 405 2275 κτλ.
775 2266 781 2272 .

842 2289 912 2327 ΙΙΙ.

262 2381 496 2422 Athenaeus
512 2378 605 2420 xlv
631 2378 768 2431 ρ.650
800 2379 854 2418 E:
890 2373 985 2414 Τῶν
1013 2372 1093 2429 γὰρ
1123 2370 1410 2430 ἀπυρήνων
1439 2372 1591 2433 (ῥοῶν)

149 2443 478 2504 Ἀριστοφάνης
509 2445 554 2486 ἐν
585 2446 791 2500 Ιὲωργοῐς
819 2442 1087 2498 μνημονεύει.

838 2536 906 2577 lv.

264 2613 532 2663 Harpocratio
574 2611 747 2652 Κωδία·
787 2610 865 2661 τὴν
901 2611 976 2660 τῆς
1017 2608 1212 2663 μήκωνος
1247 2609 1439 2665 κεφαλὴν
1478 2604 1589 2653 οὕτω

155 2679 381 2722 καλοῦσιν·
409 2678 736 2736 Ἀριστοφάνης
766 2681 982 2736 Ιὲεωργοίς.
1012 2678 1260 2734 Ἀγαθήν
1288 2693 1340 2732 γε
1368 2677 1586 2722 κωδίαν.
