1716 3164
228 180 338 221 1146
746 183 1156 229 ARISTOPHANIS

714 288 973 349 ςΩσπερεὶ
1003 294 1395 347 Καλλιππίδης

493 358 563 400 ἐπὶ
595 359 671 401 τοῦ
699 358 942 414 κορήματος
971 364 1215 418 καθέζομαι
1238 365 1393 418 χαμαί.

225 430 271 466 ut
293 427 586 479 Aristophanes
617 433 901 485 Callippidem,
931 435 1127 487 tragicum
1158 439 1359 485 actorem,
1389 436 1440 476 de
1470 450 1548 489 quo
1577 439 1669 479 vide

232 495 498 548 Meffiekium,
528 501 599 541 illo
630 502 719 542 loco
749 502 935 542 irriserit.

890 602 1000 643 XVI.

334 678 505 722 Photius
535 697 574 736 p.
604 685 690 724 404
719 686 795 724 20:
838 680 1062 732 Πεζίὸα·
1108 681 1188 734 τὴν
1225 680 1319 725 ὠάν
1361 685 1439 726 τοῦ
1480 683 1665 739 ἱματίου.

221 742 544 802 Ἀριστοφάνης
573 749 744 802 Σκηνὰς
773 748 1230 804 καταλαμβανοίσαις.

876 836 1007 877 XVII.

332 917 478 960 Pollux
505 918 543 958 X
574 918 677 958 172:
731 914 820 967 Τὴν
857 916 902 956 δὲ
940 913 1083 972 πήραν
1122 933 1224 974 πηρ
1239 917 1315 960 ι’δι
1329 933 1386 960 ον
1425 920 1560 969 εἴποις
1599 917 1666 969 ἄν,

219 982 277 1033 ὥς
307 983 353 1026 ἐν
380 983 553 1036 Σκηνὰς
580 982 1027 1039 καταλαμβανούσαις
1055 984 1392 1043 Ἀριστοφάνης.

869 1071 1022 1112 XVIII.

329 1152 587 1205 Hesychius.
623 1152 691 1205 Τρ
701 1166 716 1191 ι
729 1165 752 1192 τ
762 1164 785 1191 ο
798 1164 825 1191 σ
835 1165 859 1190 τ
870 1148 931 1191 άτ
942 1166 967 1201 η
978 1166 1016 1200 ς·
1045 1149 1370 1207 Ἀριστοφάνης
1398 1152 1443 1192 ἐν
1466 1152 1665 1202 Σκηναῖς.

218 1221 349 1261 Recte
378 1221 612 1262 Dindorfius
647 1217 925 1276 Τριτοστα
939 1234 1031 1268 τις
1082 1224 1163 1264 vid.
1196 1225 1340 1264 Pollux
1371 1224 1426 1265 lV
1458 1224 1563 1262 106·
1592 1220 1666 1261 καὶ

219 1287 300 1339 τὴν
328 1289 513 1342 γυναῖκα
543 1286 588 1328 δὲ
618 1287 893 1344 τριτοστάτιν
918 1287 1243 1346 Ἀριστοφάνης
1271 1290 1403 1332 καλεῖ.

884 1374 995 1415 XIX.

325 1453 618 1506 Harpocratio:
666 1450 982 1509 Δήμαρχος·
1022 1483 1075 1489 —
1116 1449 1184 1495 ὅτι
1229 1455 1276 1496 δὲ
1314 1451 1587 1510 ἠνεχυρίαζον
1622 1454 1665 1494 οἱ

218 1516 433 1576 δήμαρχοι
461 1519 590 1573 δηλοῖ
610 1519 938 1579 Ἀριστοφάνης
956 1523 1002 1565 ἐν
1016 1522 1187 1574 Σκηνὰς
1207 1520 1660 1579 καταλαμβανούσαις.

619 1815 1277 1858 ΤΑΙἨΝΙΣΤΑΙ.

329 1948 465 1987 Unam
501 1958 550 1985 ex
590 1947 884 1998 posterioribus
922 1948 1073 1990 fabulis
1115 1962 1204 1990 esse
1242 1949 1363 1988 facile
1400 1950 1586 1999 apparet,
1629 1947 1663 1986 si
1711 1982 1715 1992 ι

217 2014 307 2067 quis
337 2015 529 2065 reliquias
559 2027 639 2054 non
670 2027 767 2054 sane
790 2017 953 2068 exiguas
975 2020 1200 2058 accuratius
1225 2017 1533 2064 examinaverit;
1563 2015 1664 2054 illud

218 2089 353 2123 tamen
395 2083 562 2122 dubium
603 2087 738 2122 utrum
784 2085 1050 2125 adscribenda
1095 2088 1148 2128 sit
1195 2085 1398 2125 secundae
1432 2097 1482 2122 an
1519 2083 1663 2122 tertiae

219 2152 522 2193 comoediarum
553 2151 694 2190 classi:
724 2164 803 2192 non
834 2157 968 2194 tamen
1000 2154 1310 2208 Olympzxclll
1340 2154 1366 2193 3
1395 2152 1566 2192 multum
1595 2156 1664 2191 aut

216 2226 452 2274 antegressa
481 2224 550 2259 aut
580 2221 796 2260 subsecuta
829 2235 921 2262 esse
951 2224 1123 2264 videtur.
1182 2226 1245 2265 ‚Et
1276 2221 1470 2274 temporis
1500 2220 1663 2271 quidem
1714 2232 1716 2248 2

218 2291 357 2331 nullae
398 2289 694 2342 propemodum
731 2293 993 2342 reperiuntur
1030 2298 1174 2341 notae,
1216 2291 1293 2331 nisi
1329 2290 1437 2341 quod
1467 2289 1663 2328 Prodicus

217 2361 384 2412 Fragm.
416 2358 476 2398 111
507 2359 812 2410 perstringitur,
844 2361 1039 2401 Prodicus
1069 2365 1228 2409 autem,
1266 2359 1334 2411 qui
1364 2359 1470 2398 circa
1501 2358 1662 2409 Olymp.

217 2427 428 2468 LXXXVI
458 2427 639 2467 Athenas
660 2429 782 2477 vanit,
813 2430 889 2469 vid.
912 2430 1110 2471 Welcker.
1126 2431 1167 2469 in
1185 2430 1330 2469 Museo
1355 2428 1553 2467 Rhenano
1575 2426 1607 2474 1,
1637 2426 1660 2463 1

216 2510 257 2549 p.
286 2496 329 2545 62
364 2495 434 2535 diu
475 2495 532 2534 ibi
567 2501 839 2537 commoratus
875 2503 936 2537 est
972 2499 1247 2550 plurimosque
1275 2497 1415 2536 habuit
1443 2494 1662 2545 discipulos

209 2569 472 2616 aetatemque
500 2565 598 2606 satis
635 2567 828 2616 extendit,
866 2562 1063 2619 siquidem
1093 2568 1211 2607 Plato
1249 2567 1291 2606 in
1320 2563 1518 2616 Apologia
1547 2563 1661 2602 Socr.
1702 2566 1705 2616 j

217 2645 258 2685 p.
290 2633 342 2671 19
372 2633 407 2673 Ε
444 2644 537 2673 eum
575 2637 765 2687 tanquam
802 2637 931 2677 virum
970 2640 1167 2677 memorat
1193 2646 1284 2675 cum
1313 2633 1500 2672 Socrates
1530 2631 1571 2670 in
1600 2631 1661 2670 iu·
1700 2626 1703 2678 j

135 2694 138 2701 “
215 2701 365 2742 dicium
402 2706 512 2742 esset
550 2710 715 2746 vocatus
752 2706 795 2748 h.
828 2719 864 2747 e.
896 2706 1057 2760 Olymp.
1087 2704 1141 2745 05
1170 2704 1210 2745 2.
1277 2698 1362 2741 efr.
1401 2699 1453 2740 de
1487 2699 1660 2740 Prodico
