1716 3164
232 178 314 217 916
758 177 1199 221 ARISTOPHANE'S.

288 282 399 336 ὑμᾶς
428 297 473 324 τε
503 280 639 325 πάλαι
669 281 992 337 διαγιγνώσκων
1019 285 1231 335 ἐπετείους
1261 286 1340 338 την
1372 284 1505 343 φύσιν
1535 285 1679 340 ὄντας,

287 354 362 394 καὶ
399 350 499 402 τοὺς
541 353 772 409 προτέρους
810 353 895 394 τῶν
931 354 1123 405 ποιητῶν
1159 350 1250 409 ἅμα
1286 355 1344 412 τῷ
1371 355 1484 414 γήρᾳ
1524 360 1678 415 προδι-

1005 421 1178 472 δόντας.

232 492 324 531 Hoc
353 492 460 532 enim
479 492 578 532 dicit
601 497 736 545 poeta,
765 494 841 533 sibi
871 506 993 544 nunc,
1022 497 1092 536 ubi
1121 495 1292 548 primum
1322 495 1408 548 ipse
1438 499 1574 540 drama
1604 501 1676 540 do·

233 564 344 608 ceat,
383 562 582 601 rationem
617 563 866 603 reddendam
898 577 1008 614 esse,
1055 566 1163 616 quod
1199 564 1242 603 id
1270 577 1350 603 non
1379 567 1491 616 prius
1519 569 1675 618 fecerit,

231 629 304 668 sed
343 630 433 668 aliis
463 630 621 670 fabulas
652 631 855 671 docendas
884 634 1119 683 tradiderit3
1156 634 1394 686 praesertim
1437 648 1526 675 cum
1563 639 1678 677 multi

235 698 315 737 iam
345 698 478 749 ipsum
509 699 559 738 de
581 701 656 739 hac
676 714 722 739 re
737 704 962 752 percontati
979 703 1072 743 sint.
1112 703 1269 742 Deinde
1300 715 1454 753 causas,
1486 718 1583 757 quas
1613 720 1676 746 se-

231 771 349 806 cutus
379 769 453 816 sit,
483 773 694 808 recenset:
730 769 1012 811 difficillimam
1042 785 1133 811 esse
1162 776 1290 811 artem
1318 774 1533 824 comicam,
1574 789 1678 827 quae

229 837 370 888 paucis
401 837 641 887 quibusdam
669 838 774 877 bene
801 842 1068 890 processerit:
1110 854 1154 880 se
1191 840 1316 891 igitur
1355 846 1472 883 antea
1502 846 1678 896 experiri
1705 828 1713 866 7⁴*

230 906 420 952 voluisse,
451 906 546 956 quid
567 908 672 947 vires
687 908 848 947 valeant
877 909 1009 949 ferre:
1039 898 1215 961 denique
1237 922 1421 961 magnam
1442 926 1532 952 esse
1549 914 1678 953 Athe·-

230 974 431 1013 niensium
474 975 680 1014 levitatem
730 980 770 1015 et
810 978 1119 1019 inconstantiam
1165 981 1207 1019 in
1249 982 1381 1032 poetis
1425 982 1675 1022 iudicandis:

231 1054 334 1093 quae
364 1046 511 1093 quanta
540 1045 752 1095 qualisque
782 1046 834 1085 sit
863 1047 1087 1099 Magnetis,
1126 1049 1301 1097 Cratini,
1338 1049 1512 1089 Cratetis
1540 1062 1675 1089 exem-

230 1111 308 1163 plis
344 1111 534 1151 illustrat.
603 1113 745 1164 Itaque
773 1115 901 1167 ipsius
938 1116 1073 1167 operis
1104 1117 1323 1157 difficultas
1358 1123 1398 1156 et
1434 1118 1676 1157 verecundia

232 1181 430 1232 quaedam
460 1187 581 1232 atque
616 1188 771 1232 metus,
809 1196 942 1235 neque
972 1197 1068 1223 vero
1100 1184 1178 1234 lex,
1209 1199 1326 1237 quam
1357 1187 1516 1236 fingunt
1554 1187 1673 1225 schc-

231 1251 373 1289 liastae
410 1251 493 1298 illi,
540 1251 852 1303 Aristophanem
890 1254 1126 1303 absterruit,
1171 1256 1383 1306 quominus
1423 1255 1510 1306 ipse
1555 1267 1673 1295 suum

230 1319 496 1370 profiteretur
533 1332 695 1360 nomen.
760 1322 917 1361 Deinde
959 1323 1001 1362 in
1040 1324 1122 1363 fine
1152 1325 1358 1376 parabasis
1387 1337 1424 1363 v.
1454 1323 1534 1362 541
1566 1324 1674 1363 aliud

229 1387 365 1427 addit:

288 1450 428 1493 Ταῦτ’
450 1452 651 1510 ὀρρωδῶν
671 1454 881 1511 διέτριβεν
909 1454 976 1497 ἀεὶ
1003 1459 1077 1498 καὶ
1105 1457 1210 1514 πρὸς
1238 1456 1459 1500 τούτοισιν
1486 1456 1674 1513 ἕᾳασκεν

283 1522 429 1578 ἐρέτην
463 1524 624 1579 χρῆναι
663 1524 812 1580 πρῶτα
848 1526 1084 1579 γενέσθαι,
1124 1529 1226 1584 πρὶν
1265 1526 1491 1579 πηδαλίοις
1519 1527 1673 1582 ἐπιχει-

998 1597 1099 1649 ρεῖν,

236 1682 240 1684 -
282 1651 386 1716 κᾷτ’
408 1660 614 1703 ἐντεῦθεν
633 1662 946 1719 πρῳρατεῦσαι,
975 1667 1048 1707 καὶ
1073 1664 1172 1714 τοὺς
1199 1663 1381 1720 ἀνέμους
1412 1664 1671 1721 διαθρῆσαι,

282 1721 395 1786 κᾷτα
425 1731 636 1787 κυβερνᾶν
665 1729 801 1772 αὐτὸν
828 1731 978 1790 ἑαυτῷ.

227 1801 446 1842 Contendit
484 1803 609 1855 igitur
649 1807 772 1855 poeta
814 1805 1040 1856 prudenter
1083 1810 1165 1845 tam
1201 1804 1372 1844 arduum
1417 1818 1465 1845 ac
1501 1805 1671 1846 difficile

227 1881 330 1921 opus
366 1884 457 1911 esse
494 1873 836 1925 aggrediendum,
885 1886 1019 1926 neque
1062 1875 1196 1914 statim
1236 1886 1435 1914 summum
1473 1875 1671 1915 honorem

228 1941 523 1990 expetendum:
554 1955 673 1993 quam
702 1943 945 1982 sententiam
973 1956 1055 1983 nou
1082 1944 1226 1982 inscite
1254 1944 1429 1995 imagine
1457 1944 1591 1994 aliqua
1621 1956 1670 1984 ex

227 2008 350 2047 rebus
378 2011 586 2049 navalibus
616 2012 742 2062 petita
769 2011 971 2051 illustrat:
1010 2012 1052 2051 in
1089 2024 1167 2062 qua
1204 2011 1306 2051 illud
1344 2012 1426 2051 noli
1456 2013 1576 2051 nimis
1606 2013 1669 2052 ef-

226 2074 361 2124 ferre,
397 2078 506 2127 quod
549 2078 625 2117 tria
656 2080 769 2129 quasi
798 2093 950 2131 genera
981 2081 1172 2128 distinxit,
1203 2094 1305 2120 neve
1333 2082 1429 2120 iude
1458 2083 1667 2130 coniicias,

228 2144 287 2183 sic
316 2146 438 2185 etiam
474 2146 514 2186 in
545 2147 688 2186 comici
717 2151 864 2199 poetae
894 2160 1063 2187 munere
1098 2153 1182 2187 tres
1208 2150 1321 2199 quasi
1358 2150 1506 2201 gradus
1536 2151 1669 2202 dispe-

230 2214 405 2254 scendos
435 2228 547 2254 esse:
585 2227 726 2255 verum
763 2215 866 2255 nihil
902 2216 1010 2255 aliud
1039 2216 1118 2255 hoc
1157 2218 1341 2268 exemplo
1379 2218 1499 2257 docet
1535 2224 1669 2270 poeta,

230 2293 350 2332 quam
379 2283 718 2334 quemadmodum
747 2285 789 2323 in
819 2285 910 2324 navi
938 2285 1110 2336 primum
1140 2287 1229 2337 quis
1258 2287 1428 2338 remigio
1458 2287 1669 2328 adiunctus

216 2342 399 2390 *aliorum
439 2353 622 2404 imperiis
660 2354 845 2402 obediat,
894 2358 985 2405 post
1023 2354 1065 2393 in
1104 2367 1224 2406 prora
1262 2360 1426 2395 ventum
1466 2357 1666 2407 observet,

227 2419 403 2470 denique
432 2422 483 2460 ad
512 2423 669 2461 clavum
696 2423 921 2475 regendum
957 2423 1145 2471 accedat,
1180 2424 1236 2463 ita
1276 2425 1397 2464 etiam
1433 2426 1474 2464 in
1514 2427 1667 2466 comica

227 2493 314 2527 arte
368 2491 518 2530 sensim
568 2496 610 2530 et
650 2492 763 2542 quasi
798 2504 874 2544 per
910 2492 1059 2542 gradus
1097 2504 1297 2531 summum
1333 2493 1537 2545 fastigium
1575 2507 1664 2533 esse

226 2558 472 2606 petendum:
514 2560 714 2612 significat
752 2560 875 2612 igitur
914 2565 1034 2611 poeta
1071 2561 1172 2600 nihil
1209 2562 1318 2601 aliud
1356 2574 1474 2612 quam
1510 2574 1553 2601 se
1581 2563 1664 2613 pri-

227 2635 338 2663 mum
363 2626 451 2665 aliis
475 2629 606 2678 poetis
623 2629 821 2668 honorem
851 2629 1039 2668 lubenter
1058 2630 1308 2670 concessisse
1338 2641 1560 2681 eorumque
1589 2631 1666 2670 im-

223 2693 338 2744 perio
374 2696 631 2738 subiunctum
673 2698 823 2747 fuisse,
861 2710 968 2738 nunc
1008 2698 1171 2739 demum
1200 2698 1248 2738 ab
1278 2702 1467 2749 praetore
1496 2699 1664 2739 chorum
