1716 3164
229 175 340 216 1088
755 174 1110 218 ARISTOPHAN
1115 177 1163 218 IS

227 285 371 326 Pollux
390 284 427 324 11
457 283 561 325 125:
588 279 814 338 Ὑπερίδης
831 282 1112 339 διειλεγμένος
1139 283 1211 326 ἐπὶ
1236 283 1520 341 ἀφροδισίων,
1546 286 1675 346 Ἀρι-

209 350 449 406 ιστοφάνης
485 352 530 392 δὲ
568 351 866 404 διαλέξασθαι
894 350 993 409 ἔφη.
1054 360 1096 396 et
1133 356 1309 397 fortasse
1338 360 1595 412 Phrynichus
1633 363 1677 403 in

226 424 405 464 Bekkeri
444 424 598 465 Anecd.
630 424 648 464 1
690 437 731 477 p.
761 424 816 464 37
858 425 907 465 4:
947 422 1273 476 Διαλέξασθαι,
1318 422 1369 465 οὐ
1406 424 1545 481 μόνον
1580 428 1676 470 δια-

225 489 454 544 λεχθῆναι.

879 576 1009 618 XXV.

336 657 608 699 Antiatticista
638 657 814 698 Bekkeri
846 659 1000 699 Anecd.
1032 660 1051 699 I
1079 674 1119 713 p.
1138 661 1192 699 96
1222 660 1298 700 25:
1325 654 1674 716 Ἐπανορθώ-

226 739 254 767 σ
265 741 292 766 α
304 739 331 767 σ
344 726 384 766 θ
394 741 422 766 α
436 740 465 767 ι.
519 721 849 781 Ἀριστοφάνης
883 723 1354 783 Θεσμοφοριαζούσαις.

868 847 1018 888 XXVI.

334 931 505 971 Photius
533 943 573 983 p.
604 930 686 970 204
717 930 771 969 10
801 933 842 970 et
871 930 1037 971 Suidas:
1067 927 1345 979 Λακωνίζε
1360 943 1430 971 ιν·
1459 930 1675 982 παιδικοῖς

218 996 434 1052 χρῆσθαι.
491 993 815 1052 Ἀριστοφάνης
848 995 1302 1053 Θεσμοφοριαζούσαις
1331 996 1387 1052 β’.
1424 1002 1542 1042 Adde
1561 1004 1671 1044 Pho-

221 1071 320 1109 tium
350 1083 390 1121 p.
420 1070 501 1109 192
540 1069 614 1109 14:
656 1064 923 1108 Κυσολάκων
965 1063 989 1107 ὁ
1018 1065 1245 1109 Κλεινίου·
1286 1065 1310 1108 ὁ
1349 1067 1407 1124 τῷ
1443 1070 1557 1126 κυσῷ
1593 1070 1671 1111 λα-

220 1134 427 1186 κωνίζων
469 1134 519 1176 τὸ
550 1135 595 1176 δὲ
624 1138 712 1184 τοῖς
741 1135 956 1184 παιδικοῖς
989 1136 1189 1190 χρῆσθαι
1218 1135 1463 1186 λακωνίζειν
1505 1136 1669 1192 ἔλεγον·

221 1203 424 1261 Μελαίνῃ
470 1204 552 1259 γὰρ
598 1203 763 1255 Θησεὺς
805 1199 939 1253 οὕτως
979 1203 1214 1261 ἐχρήσατο,
1251 1201 1309 1253 ὥς
1346 1201 1667 1260 Ἀριστοτέλης.

217 1270 350 1318 Rec‘te
379 1277 571 1318 Meineke
602 1277 640 1317 11
673 1278 693 1316 1
724 1289 765 1330 p.
801 1277 883 1316 200
914 1278 1082 1330 corrigit
1116 1271 1454 1332 Ἀριστοφάνης.

847 1415 1017 1456 XXVII.

327 1502 562 1542 Athenaeus
591 1500 688 1542 XIV
711 1513 752 1552 p.
783 1501 865 1540 019
895 1504 950 1543 A:
989 1501 1080 1542 Καὶ
1117 1499 1202 1541 τῶν
1245 1499 1523 1542 πτισσουσῶν
1557 1497 1666 1552 ἄλλη

216 1583 281 1618 τις
309 1566 451 1625 (ᾠδὴ),
479 1565 536 1616 ὥς
561 1564 890 1622 Ἀριστοφάνης
918 1569 964 1609 ἐν
998 1567 1451 1626 Θεσμοφοριαζούσαις
1479 1571 1554 1611 καὶ
1569 1571 1666 1616 ,Νι-

215 1634 397 1693 κοχάρης
424 1637 468 1678 ἐν
494 1634 714 1692 ‘Hymni-ei*
734 1636 916 1694 χορηγῷ.

621 1935 1273 1982 ΚΩΚΑΛΟΣ.

322 2087 442 2128 Hanc
478 2086 730 2127 comoediam
767 2098 888 2127 unam
923 2100 972 2127 ex
1009 2088 1164 2128 ultimis
1202 2101 1292 2129 ense
1322 2088 1471 2130 docent
1500 2092 1660 2130 veteres

209 2158 484 2210 grammatici,
527 2156 606 2197 vid.
635 2157 876 2208 Argument.
915 2157 1047 2197 Pluti:
1094 2153 1355 2206 Τελευταίαν
1396 2155 1442 2196 δὲ
1479 2154 1659 2207 διδάξας

209 2222 291 2274 τήν
316 2222 548 2281 κωμῳδίαν
584 2222 749 2274 ταύτην
784 2222 856 2264 ἐπὶ
897 2223 957 2281 τῷ
995 2220 1091 2281 ἰδίῳ
1130 2221 1317 2279 ὀνόματι
1352 2225 1427 2266 καὶ
1456 2223 1534 2266 τὸν
1561 2223 1658 2267 υἱὸν

208 2290 344 2334 αὐτοῦ
382 2293 599 2344 συστῆσαι
632 2289 860 2348 Ἀραρότα
896 2290 960 2334 δι’
993 2289 1127 2344 αὐτῆς
1166 2295 1255 2343 τοῖς
1283 2295 1471 2342 θεαταῖς
1500 2290 1657 2347 βουλό-

206 2375 335 2416 μενος
364 2361 419 2403 τὰ
447 2360 665 2404 ὑπόλοιπα
697 2359 775 2403 δύο
805 2359 870 2403 δι’
901 2359 1062 2404 ἐκείνου
1090 2362 1286 2414 καθῆκε,
1327 2359 1543 2405 Κώκαλον
1580 2364 1656 2405 καὶ

206 2426 523 2474 Αιόλοσίκωνα.
582 2434 719 2476 Verba
747 2428 814 2472 δι’
839 2429 971 2481 αὐτῆς
1000 2438 1141 2487 aperte
1169 2434 1274 2474 falna
1302 2440 1419 2484 nunt,
1449 2448 1542 2475 nam
1569 2447 1652 2475 non

206 2502 402 2552 Ararotis,
432 2504 506 2544 sed
534 2516 608 2544 suo
637 2503 801 2543 nomine
831 2503 995 2542 Plutum
1026 2503 1188 2552 docuit,
1225 2504 1335 2555 quod
1371 2504 1492 2544 etiam
1519 2504 1655 2544 firmat

206 2570 424 2612 scholia-ta
452 2574 504 2613 ad
525 2586 561 2613 v.
579 2573 683 2612 173:
711 2569 853 2620 Δῆλον
882 2568 928 2610 δὲ
956 2569 1001 2610 ἐκ
1029 2569 1108 2610 τοῦ
1135 2570 1182 2611 ἐν
1209 2570 1389 2626 δευτέρῳ
1418 2569 1651 2626 φέρεσθαι,
1715 2601 1716 2610 ,

205 2632 254 2685 ὃς
281 2634 460 2692 ἔσχατος
488 2636 709 2694 ἐδιδάχθη
739 2635 819 2680 ὑπ’
851 2636 988 2680 αὐτοῦ
1014 2634 1192 2696 εἰκοστῷ
1220 2637 1303 2680 ἔτει
1331 2632 1524 2694 ὕστερον.
1554 2642 1652 2682 licet
1708 2670 1716 2684 ,ς

204 2707 247 2749 in
274 2709 356 2751 vita
384 2711 592 2764 Aristoph.
621 2724 664 2764 p.
680 2710 896 2754 XXXVIII
924 2710 952 2751 5
979 2710 1046 2751 ed.
1075 2711 1162 2752 Inv.
1188 2710 1294 2750 haec
1320 2721 1484 2762 quoque
1511 2710 1650 2756 fabula
1705 2736 1711 2766 3,
