1716 3164
211 167 296 213 774
765 162 1099 204 STRATTIDIS

211 279 268 319 ita
301 268 611 316 Μακεδόνισσα
641 285 664 313 ιι
696 268 955 319 Μακεδονίς.
1022 275 1251 325 Utrumque
1293 272 1464 314 labentis
1501 272 1658 326 graeci-

216 346 310 387 tatis
339 347 414 387 est.

380 507 439 548 A.
470 500 599 547 Εἰσὶν
627 504 672 545 δὲ
702 502 847 547 πόθεν
875 505 923 546 αἱ
950 503 1101 553 παῖδες
1131 496 1262 545 αὗται
1289 503 1362 545 καὶ
1391 504 1525 555 τίνεςς

382 589 438 632 Β.
468 589 563 630 νυνὶ
591 590 671 642 μὲν
698 582 879 639 ἥκουσιν
910 585 1190 643 Μεγαρόθεν,
1220 583 1306 628 εἰσὶ
1339 586 1385 628 δέ

380 669 650 728 Κορίνθιαι·
677 670 790 721 Λαΐς
818 673 897 726 μὲν
925 668 999 722 ἡδὶ
1031 671 1318 724 Μεγακλέους.

326 785 561 825 Athenaeus
590 785 690 825 XIII
730 798 771 837 p.
801 784 947 824 589a:
993 777 1204 835 Στράττις
1243 778 1292 821 δ’
1325 779 1370 821 ἐν
1413 774 1667 820 Μακεδόσιν

216 846 246 902 ἢ
275 850 517 908 Παυσανίᾳ
534 851 788 906 Κορινθίαν
817 847 955 900 αὐτὴν
984 852 1152 903 (Laida)
1182 841 1295 890 εἶναι’
1324 862 1434 904 φησι
1464 847 1536 889 διὰ
1565 843 1667 887 τού-

216 933 303 960 των
330 915 459 961 Εἰσὶν
488 920 535 961 δὲ
563 917 708 961 πόθεν
736 920 784 960 αἱ
807 918 960 967 παῖδες
984 918 1073 960 κτλ.
1130 922 1201 963 Vs.
1219 922 1241 961 1
1273 913 1384 959 εἰσὶν
1401 916 1444 958 δὲ
1460 917 1669 969 Schweig-

218 991 457 1032 haeuserus.
497 985 584 1031 εἰσὶ
613 989 660 1030 δὲ
691 992 772 1032 BP.
809 985 894 1030 εἶσὶ
924 986 985 1030 δ’.
1045 990 1147 1030 Ibid.
1180 984 1329 1029 πόθεν
1357 986 1670 1038 Schweighaeu-

217 1070 334 1101 serus
364 1066 406 1101 et
435 1061 643 1101 Porsonus
673 1061 724 1099 ad
755 1060 964 1113 Aristoph.
994 1061 1069 1101 Av.
1098 1059 1178 1100 521
1212 1073 1286 1112 pro
1316 1050 1442 1098 ὅθεν.
1473 1081 1526 1088 -—·
1557 1055 1670 1096 Vs.2

218 1130 313 1170 libri
351 1127 442 1171 νῦν.
510 1129 680 1170 Correxi
717 1130 814 1170 Gur.
851 1130 941 1170 crit.
978 1143 1018 1182 p.
1048 1129 1117 1169 70.
1195 1128 1257 1168 Ita
1290 1129 1413 1168 etiam
1450 1126 1670 1164 Porsonus.

218 1224 274 1233 —--·
302 1199 374 1241 Vs.
404 1200 431 1239 3
460 1194 536 1247 ἡδὶ
565 1196 844 1248 Μεγακλέους
873 1210 931 1238 sc.
961 1211 1093 1238 serva.
1151 1197 1341 1237 Correxit
1368 1196 1424 1235 ita
1450 1195 1670 1234 Porsenna.

219 1270 256 1312 A
284 1264 311 1317 ἡ
339 1266 454 1322 μέγα
480 1265 599 1313 κλέος·
629 1259 704 1307 ἰδέ.
749 1268 782 1307 Β
810 1262 837 1314 ἡ
867 1263 981 1319 μέγα
1008 1263 1127 1313 κλέος
1156 1258 1231 1306 ἰδί.
1292 1265 1325 1305 Ρ
1354 1259 1380 1312 ἡ
1409 1261 1521 1315 μέγα
1552 1259 1671 1308 κλέος

220 1330 284 1377 ἰὸι
311 1366 405 1380 ....
464 1337 537 1379 VL
566 1332 593 1386 ἡ
624 1334 736 1389 μέγα
764 1334 897 1383 κλέος.

413 1522 609 1567 Πνικτόν
638 1541 679 1568 τι
708 1525 856 1569 τοίνυν
911 1531 930 1553 ·*
987 1529 1006 1550 ‘²
1063 1523 1172 1567 ἔστω
1202 1539 1273 1567 σοι
1302 1520 1463 1579 συχνόν

418 1608 631 1654 τοιοῦτον.

339 1711 580 1754 Athenaeus
612 1712 669 1753 lx
697 1724 741 1764 Ρ.
768 1712 912 1752 aona:
949 1703 1165 1788 Στράττις
1195 1698 1312 1749 εἶπεν
1352 1734 1406 1741 —
1442 1705 1488 1747 ἐν
1526 1705 1675 1747 Μακε-

226 1774 353 1820 δόσιν
380 1795 407 1830 η
436 1777 633 1836 Κινησία
662 1776 858 1820 Πνικτόν
893 1792 936 1819 τι
962 1775 1112 1818 τοίνυν
1141 1775 1249 1819 ἔστω
1287 1790 1358 1818 σοι
1388 1773 1547 1830 συχνὸν
1588 1788 1676 1815 τοι-

224 1847 369 1890 οῦτον.
443 1851 569 1891 Posui
610 1852 780 1890 lacunae
822 1850 1031 1890 indicium.
1100 1850 1295 1889 Fortasse
1343 1842 1460 1899 ὄψον
1514 1847 1676 1888 excidit.

224 1920 401 1961 Possunt
422 1920 525 1960 hoec
557 1921 679 1959 etiam
709 1921 760 1960 ad
789 1931 915 1959 unum
944 1922 1228 1957 tetrametrum
1258 1917 1464 1970 coniungi.
1494 1917 1577 1956 Pro
1596 1913 1678 1954 Κι-

229 1984 365 2044 νησίᾳ
391 1987 566 2029 fortasse
594 1989 816 2042 legendum
843 1981 1102 2041 Παυσανίᾳ.
1160 1986 1235 2028 Gfr
1264 1987 1374 2028 Hist.
1404 1986 1494 2027 crit.
1524 1999 1563 2039 Ρ.
1582 1985 1678 2026 231.

901 2118 993 2160 VII.

448 2197 639 2240 Πολλῶν
668 2195 873 2255 φλυάρων
900 2201 975 2241 καὶ
1003 2189 1122 2240 τααῖν
1150 2194 1344 2249 ἀντάξια,

440 2278 522 2331 οὓς
550 2278 739 2336 βόσκεθ’
774 2279 892 2338 ὑμεῖς
921 2281 1042 2324 ἕνεκα
1071 2280 1158 2323 τῶν
1186 2277 1455 2335 ὠκυπτέρων.

338 2394 573 2435 Athenaeus
602 2394 699 2437 XIV
725 2409 766 2448 Ρ.
796 2395 936 2435 654f:
963 2386 1070 2433 Ὀτι
1111 2390 1156 2431 δὲ
1196 2391 1269 2432 καὶ
1306 2385 1527 2437 τεθασούς
1563 2377 1678 2442 ειχον
1715 2413 1716 2447 3

231 2457 388 2510 αὐτοὺς
427 2466 662 2518 (pavones)
699 2462 746 2503 ἐν
782 2465 877 2511 ταῖς
917 2457 1073 2510 οἰκίαις
1101 2456 1313 2515 Στράττις
1341 2458 1605 2514 παρίστησιν
1632 2455 1679 2497 ἒν
1710 2449 1716 2503 J

231 2528 474 2571 Παυσανία
506 2529 580 2572 διὰ
607 2527 772 2572 τούτων
786 2530 973 2572 Πολλιυν
1001 2527 1206 2586 φλυάρων
1234 2528 1322 2569 κτλ.
1380 2529 1532 2582 Scripsi
1562 2538 1680 2567 ταων

234 2611 311 2652 pro
338 2611 470 2642 τοίων.
526 2602 600 2643 Cfr
627 2602 791 2644 Lehrsii
820 2603 1102 2644 Aristarchum
1132 2615 1172 2654 Ρ.
1202 2600 1284 2640 341
1316 2612 1377 2652 sq.
1715 2594 1716 2601 ’
