1716 3164
696 146 1011 209 AHMNIAI.
1480 154 1594 209 1101

111 281 374 338 Phrynichus
412 281 593 324 Bekkeri
624 282 642 324 1
672 296 713 336 p.
743 282 800 324 52
831 283 885 323 1⁰
915 282 1008 323 loco
1048 280 1234 334 quamvis
1270 280 1431 322 lacer-oe
1470 278 1595 321 Νεα-

108 352 199 402 λὲς·
230 348 352 407 παρὰ
382 348 432 392 τὸ
463 348 576 403 ἁλές,
608 348 632 393 ὁ
662 350 872 407 σημαίνει
901 349 952 392 τὸ
983 348 1176 407 ἀθρόον,
1206 350 1257 393 τὸ
1287 350 1444 392 νεωστὶ
1473 365 1595 406 γεγε-

107 423 299 477 νημένον
335 423 411 464 καὶ
453 423 837 478 συνενηνεγμένον.
894 420 946 463 τὸ
985 420 1069 477 γὰρ
1105 422 1342 464 συνελθεῖν
1375 422 1452 463 καὶ
1490 435 1595 464 συν.

106 494 362 546 αλισθῆναι
391 490 569 537 ταύτόν.
617 490 951 551 Ἀριστοφάνης
980 491 1031 534 τὸ
1063 493 1212 542 νεαλὲς
1243 526 1253 536 .
1286 526 1297 537 .
1330 526 1341 536 .
1374 525 1385 536 .
1415 495 1595 537 fortasse

107 569 345 609 addendum
376 565 448 606 ἐπὶ
478 564 559 606 τοῦ
590 565 689 606 νέου
717 565 793 606 καὶ
823 560 1093 620 ἀκμάζοντος
1122 563 1310 606 τέθεικε.
1371 571 1414 607 et
1443 568 1504 608 sic
1532 567 1595 608 di-

106 641 166 686 xit
211 639 447 692 Xenophon
493 638 647 691 Cyrop.
691 638 792 680 VIII
838 639 878 678 6.
940 640 981 677 at
1023 650 1168 677 recens
1221 643 1390 691 captum
1435 635 1594 689 νεαλὴς

104 709 204 753 dixit
245 708 570 757 Demosthenes,
608 708 691 749 vid.
731 709 981 762 Harpocrat.
1020 704 1214 757 Νεαλής.
1293 706 1593 762 Δημοσθένης

104 777 151 819 ἐν
191 776 251 835 τῷ
286 773 387 819 κατ’
417 774 826 833 Ἀριστογείτονος,
867 771 909 817 εἰ
943 773 1133 831 γνήσιος.
1194 775 1219 818 ὁ
1257 779 1415 819 νεωστὶ
1456 777 1592 821 {azm-

103 847 186 899 κῶς
224 842 363 898 οὕτως
398 848 566 902 ἐλέγετο
604 846 720 890 κατὰ
747 846 1009 904 μεταφορὰν
1049 846 1133 900 τὴν
1162 843 1253 890 ἀπὸ
1284 847 1372 890 τῶν
1402 844 1591 905 ἰχθύων.

104 926 147 963 at
190 923 474 975 improbarunt
516 921 599 963 hoc
641 922 868 972 immistae,
913 921 995 963 vid.
1035 922 1314 965 Antiatticista
1359 923 1591 967 Bekkeril

103 1006 145 1046 p.
177 993 275 1033 139.
1439 1002 1448 1010 -

813 1072 885 1114 XI.

292 1143 369 1197 'H
395 1152 696 1212 καρδιαίττειςς
726 1151 840 1197 ἄλλα
868 1154 959 1206 πῶς
984 1152 1177 1213 χρῆσται
1206 1157 1364 1201 ποιεῖν.

215 1270 363 1312 Suidas
393 1283 430 1310 v.
457 1283 548 1324 χρη.
604 1268 798 1323 Λέγουσι
827 1269 876 1311 δέ
905 1284 1010 1312 ποτε
1037 1271 1113 1313 καὶ
1139 1269 1347 1327 χρῆσθαι
1377 1267 1479 1313 ἀντὶ
1509 1271 1590 1314 τοῦ

104 1339 182 1383 δεῖ.
247 1336 522 1396 Φερεκράτης
559 1337 727 1397 Λήροις
767 1368 821 1374 —
861 1338 1194 1398 Ἀριστοφάνης
1234 1340 1479 1396 Λημνίαις·
1517 1340 1593 1385 ‘H

105 1408 266 1467 καρδία
298 1425 343 1452 τε
374 1408 459 1462 τίς,·
490 1408 604 1452 ἀλλὰ
633 1412 724 1461 πῶς
749 1411 956 1468 χρῆσθαι
986 1416 1142 1457 ποιεῖν.
1175 1416 1322 1456 Priora
1350 1417 1588 1458 emendavit

99 1484 338 1534 nolu-aeus,
371 1478 563 1538 χρήσται
592 1484 756 1539 scripsit
785 1486 1048 1539 mummius,
1088 1498 1213 1540 quem
1242 1486 1326 1529 vid.
1356 1487 1423 1529 ad.
1454 1487 1586 1542 Soph.

100 1555 204 1597 God.
245 1555 337 1597 col.
369 1569 408 1597 v.
439 1555 539 1597 504.

792 1679 889 1721 XII.

242 1759 566 1805 Πεντελίθοισί
595 1758 654 1804 θ’
688 1759 802 1818 ὁμοῦ
831 1761 1013 1815 λεκάνης
1041 1760 1452 1822 παραθραὺσμασι.

211 1878 362 1920 Pollux
394 1878 451 1919 lx
483 1879 594 1920 126:
632 1874 695 1918 Τὸ
726 1876 773 1918 δὲ
804 1875 925 1936 ῥῆμα
954 1876 1005 1919 τὸ
1036 1875 1356 1930 πεντελιθίζειν
1384 1878 1508 1921 ἐστὶν
1536 1879 1584 1922 ἐν

98 1947 190 1996 τοῖς
229 1944 486 2004 Ἑρμίππου
537 1946 686 1997 Θεοῖς·
736 1946 787 1990 τὸ
829 1947 876 1990 δὲ
922 1945 1068 2004 ὄνομα
1110 1949 1356 1991 πεντέλιθα
1397 1950 1444 1991 ἐν
1485 1952 1584 2001 ταῖς

94 2010 455 2075 Ἀριστοφάνους
482 2017 732 2074 Λημνίαις·
775 2017 1097 2062 Πεντελίθοισι
1125 2020 1215 2064 ῖιτλ.
1272 2021 1496 2074 γυναικῶν
1534 2021 1582 2064 δὲ

96 2088 267 2145 μᾶλλόν
308 2090 430 2160 ἐστιν
473 2088 500 2140 ἡ
551 2088 725 2135 παιδιά.
797 2094 1125 2147 iunget-mannus
1171 2090 1582 2150 παραθραύσμασι,

96 2164 223 2217 vulgo
254 2158 630 2220 παραθραύμασι,
663 2163 842 2207 fortasse
871 2166 914 2207 in
943 2167 1028 2207 fine
1052 2165 1294 2207 addendum
1326 2162 1507 2215 παίζειν.

776 2288 895 2329 XIII.

322 2367 388 2409 Αἱ
417 2370 616 2422 γυναῖκες
647 2367 727 2410 τὸν
755 2367 972 2427 Λόριλλον
1002 2366 1333 2426 φραγνὺωνται.

209 2483 394 2536 Etymol.
424 2484 484 2525 M.
514 2498 555 2537 p.
585 2485 670 2525 283
700 2484 777 2526 45:
820 2481 1083 2540 Δορίαλλος·
1121 2482 1293 2538 λέγεται
1320 2483 1400 2525 καὶ
1431 2480 1577 2541 δόριλ-

94 2550 183 2599 λος.
224 2547 560 2608 Ἀριστοφάνης
587 2554 653 2595 Αἱ
681 2555 880 2608 γυναῖκες
909 2553 988 2596 τὸν
1017 2551 1254 2611 δορίαλλον
1284 2551 1574 2612 φράγνυνται.

94 2619 188 2664 ἔστι
217 2621 264 2664 δὲ
294 2622 344 2664 τὸ
374 2626 621 2676 γυναικεῖον
649 2621 836 2678 αἰδοῖον,
865 2621 941 2680 ἐφ’
974 2619 1098 2681 ὕβρει
1128 2625 1463 2684 τραγῳδοποιοῢ
1491 2629 1575 2670 Δο-

94 2690 256 2747 ρίλλου.
297 2689 328 2745 ἢ
358 2693 479 2751 παρὰ
507 2692 559 2736 τὸ
591 2694 749 2753 δείρειν
778 2694 828 2739 τὸ
857 2693 1147 2752 τυπτόμενον,
1176 2692 1205 2748 ἢ
1234 2695 1285 2739 τὸ
1315 2694 1575 2753 τιλλόμενον

94 2759 173 2811 τὰς
212 2761 360 2819 τρίχας
397 2767 473 2807 καὶ
513 2766 649 2808 οἱονεὶ
689 2764 985 2824 ἐκδερόμενον.
1042 2761 1166 2809 οὕτω·
1186 2766 1271 2826 γὰρ
1298 2764 1440 2811 πάλαι
1468 2767 1571 2825 ἐψί·
