1716 3164
683 120 1036 163 ΨΥΧΛΣΤΑῙ.
1506 125 1596 167 ’185

384 319 441 362 '0
471 319 519 361 δέ
549 333 614 368 τις
644 318 851 375 ψυκτῆρ’,
883 317 908 360 ὁ
939 319 987 360 δέ
1016 333 1082 368 τις
1109 317 1299 368 κύαθον,

383 403 578 459 χαλκοῦν
606 403 776 458 κλέψας
805 403 985 459 ἀπορῶν
1014 408 1167 455 κεῖται,

384 487 542 542 κοτύλη
573 486 622 530 δ’
656 486 743 530 ἀνὰ
768 488 945 544 χοίνικα
975 486 1146 544 μάττει.

213 595 452 636 Athenaeus
481 595 542 635 XI
571 608 612 647 p.
638 592 723 634 502
742 606 779 634 e.
812 594 866 634 de
895 593 1048 647 poculo
1079 588 1257 647 ψυκτὴρ
1287 592 1398 633 dicto
1429 607 1582 648 agens:

100 660 319 720 Στράττις
356 662 611 718 Ψυχασταῖς
636 658 695 703 ‘O
726 660 772 702 δέ
806 677 872 712 τις
902 660 1109 717 ψυκτῆρα
1136 660 1228 703 κτλ.
1290 664 1425 706 Versu
1454 666 1581 707 tertio

95 738 222 790 vulgo
263 731 476 778 κοτυλίδ’.
538 737 570 776 Β
610 730 771 784 κοτύλη
812 730 869 774 δ’.
942 736 1157 775 Dobraeus
1201 735 1305 776 Adv.
1346 735 1385 775 11
1423 749 1465 790 p.
1497 737 1582 777 335

94 802 253 862 κοτύλῃ
297 800 358 855 δ’,
398 819 567 847 sensum
609 807 691 847 loci
730 807 843 848 hunc
884 819 976 847 esse
1017 807 1255 859 suspicans:
1286 820 1398 860 prae
1432 808 1581 861 inopia

92 891 330 918 mensuram
358 879 427 918 sui
447 878 581 931 panis
612 877 719 919 adeo
750 877 979 926 contrahit,
1011 882 1060 917 ut
1080 890 1162 930 pro
1194 890 1354 932 quoque
1382 878 1581 920 choenice

93 953 262 989 tantum
292 948 456 1001 cotylen
479 953 630 1002 ponat.

789 1061 858 1102 IV.

336 1168 339 1169 ν
398 1142 708 1200 Σαννυρίωνος
741 1143 949 1196 σκυτίνην
977 1142 1251 1201 ἐπικουρίαν.

203 1233 443 1274 Athenaeus
461 1233 542 1273 Xll
559 1246 601 1286 p.
617 1231 695 1272 551
720 1245 755 1272 c.
788 1236 1112 1273 commemorato
1143 1231 1435 1285 Aristophanis
1464 1232 1573 1282 loco,

90 1303 133 1343 in
163 1316 246 1355 quo
275 1303 480 1355 Sannyrio
498 1304 683 1344 Meletus
715 1307 757 1342 et
788 1303 975 1343 Cinesias
1004 1308 1180 1356 propter
1211 1303 1488 1343 macilentiam
1516 1304 1576 1345 ri-

87 1374 262 1414 dentur:
300 1372 400 1426 περὶ
438 1370 485 1412 δὲ
527 1370 607 1413 τοῦ
636 1368 948 1427 Σαννυρίωνος
978 1372 1055 1412 καὶ
1085 1367 1304 1428 Στράττις
1334 1371 1382 1412 ἐν
1419 1371 1576 1428 Ψυχα-

85 1444 209 1493 σταῖς
258 1457 372 1499 ᾳησι
428 1440 825 1499 Σαννυρίωνος
884 1440 1162 1494 σκυτίνην
1216 1441 1576 1499 ἐπικουρίαν.

84 1515 183 1570 περὶ
221 1512 268 1554 δὲ
299 1510 510 1564 Μελήτου
539 1511 677 1563 αὐτὸς
707 1510 731 1555 ὁ
761 1512 1025 1569 Σαννυρίων
1065 1514 1112 1555 ἐν
1150 1513 1315 1555 Γέλωτι
1353 1513 1467 1567 λέγει
1496 1508 1574 1556 οὕ-

83 1600 168 1635 τως
198 1585 461 1636 Μέλητον
498 1583 596 1626 τὸν
633 1580 741 1626 ἀπὸ
770 1584 1026 1636 Ληναίου
1064 1582 1280 1642 νεκρόν.
1339 1588 1433 1628 Non
1466 1587 1575 1629 male

84 1658 374 1711 Dalecampius
405 1653 614 1707 σκυτίνην
643 1653 898 1713 ἐπικουρίαν
929 1660 982 1700 de
1014 1660 1203 1699 cot-iaceo
1235 1658 1410 1698 thorace
1438 1659 1572 1711 expli-

84 1734 172 1779 cat,
217 1741 298 1782 quo
342 1729 546 1782 Sannyrio
591 1734 736 1782 pectus
775 1731 1121 1779 circumdederit,
1166 1733 1211 1770 ut
1255 1730 1416 1768 firmior
1461 1732 1575 1770 esset

82 1805 255 1840 truncus
286 1800 485 1853 corporis.
556 1801 699 1854 Longe
730 1802 810 1840 alio
844 1814 969 1841 sensu
1001 1801 1303 1854 Aristophanes
1334 1801 1435 1840 dixit
1466 1812 1574 1840 σκυ-

82 1866 209 1920 τίνην
245 1866 502 1925 ἐπικουρίαν
539 1871 712 1923 Lysistr.
754 1873 851 1913 110.
926 1874 1111 1924 Uterque
1152 1876 1293 1911 autem
1333 1871 1483 1911 alludit
1519 1871 1572 1912 ad

24 1954 26 1957 ’
81 1942 347 1995 proverbium
379 1937 534 1991 συκίνη
566 1939 817 1995 ἐπικουρία,
849 1956 930 1996 quo
962 1943 1173 1982 infirmum
1204 1947 1247 1982 et
1277 1942 1427 1982 inutile
1458 1942 1572 1982 auxi·

71 2013 182 2053 lium
218 2013 554 2066 significabatur:
596 2008 776 2053 σύκινον
818 2015 927 2055 enim
969 2014 1162 2054 dicebant
1192 2011 1390 2066 quicquid
1432 2010 1572 2051 debile

85 2088 193 2124 esset
231 2090 274 2124 et
312 2084 365 2124 ad
407 2097 527 2126 usum
564 2085 777 2133 inhabile„
841 2087 1014 2126 Diversa
1055 2084 1277 2124 confundit
1316 2081 1571 2134 Hesychius,

81 2149 273 2204 Σκυτίνη
312 2151 567 2209 ἐπικουρίαι
613 2152 811 2196 Ἀττικοὶ
853 2155 925 2196 ἐπὶ
963 2150 1284 2196 ἀσθενούντων
1324 2145 1571 2204 βοηθημά-

82 2237 181 2264 των.
254 2226 345 2266 Nisi
394 2228 498 2267 haec
542 2228 766 2280 antiquitus
819 2230 862 2268 iu
901 2229 1014 2268 hunc
1059 2228 1153 2268 fere
1197 2227 1365 2267 modum
1414 2224 1570 2275 scripta

82 2295 214 2335 fuisse
252 2296 467 2336 coniicias:
505 2295 700 2346 Σκυτινη
739 2296 989 2350 ἐπικουρίαι
1039 2293 1160 2351 παρὰ
1201 2307 1281 2345 την
1323 2289 1572 2347 παροιμίαν

82 2361 238 2414 συκίνη
277 2362 529 2422 ἐπικουρία,
566 2366 594 2424 ᾑ
624 2366 855 2422 κέχρηνται
892 2363 1096 2407 Ἀττικοὶ
1134 2365 1208 2407 ἐπὶ
1250 2358 1571 2405 ἀσθενούντων

81 2431 404 2489 βοηθημάτων.
474 2439 706 2492 Cognatum
750 2441 1019 2493 proverbium
1051 2435 1208 2488 συκίνη
1240 2433 1462 2491 βακτηρία
1493 2437 1569 2477 ha-

81 2509 152 2548 het
180 2508 381 2561 Alciphro
411 2510 491 2562 Ep.
524 2511 542 2550 1
572 2511 642 2551 39.
711 2512 847 2552 Aliter
877 2512 1090 2552 Strattidis
1121 2523 1286 2550 versum
1318 2510 1568 2562 interpreta-

79 2583 148 2619 tus
176 2583 241 2619 est
271 2580 353 2620 Th.
383 2581 588 2634 Bergkius
618 2583 852 2623 Commeat.
885 2597 924 2635 p.
956 2583 1055 2631 271,
1088 2595 1170 2622 non
1202 2581 1429 2621 exilitatem
1462 2580 1566 2620 San-

83 2649 267 2702 nyriouis
295 2650 425 2691 rideri
464 2657 599 2703 ratus,
641 2655 716 2694 sed
754 2655 1006 2695 obscaenum
1046 2653 1150 2694 illud
1191 2651 1475 2705 spectaculum
1513 2651 1565 2690 ab

38 2759 41 2761 a
83 2719 295 2774 Aristoph.
325 2723 436 2766 Nub.
466 2725 553 2766 534
584 2732 967 2777 commemoratum,
999 2725 1111 2778 quod
1140 2724 1347 2776 Sannyrio
1376 2723 1420 2763 in
1450 2722 1565 2763 auxi-

137 2798 303 2836 comoed.
339 2808 410 2836 ant.
1236 2793 1293 2833 50
