1716 3164
197 199 282 239 896
723 200 1164 244 ARlSTOPHANES.

197 314 347 364 poetae
382 309 492 348 senis
531 312 718 349 mortem.
756 309 987 361 Requirunt
1015 310 1118 351 haec
1147 316 1372 354 accuratam
1403 314 1640 367 disputatio-

196 393 312 427 nem,
348 390 452 430 quae
481 390 572 418 cum
602 379 651 418 ab
680 379 762 418 hoc
790 379 880 419 loco
910 380 1041 419 aliena
1071 380 1147 427 sit,
1188 393 1315 431 pauca
1344 384 1541 434 quaedam
1572 397 1641 423 ex-

194 448 419 502 promenda
456 448 615 497 censui,
654 460 933 501 summamque
962 449 1151 488 extremis
1192 454 1346 490 tantum
1386 453 1641 492 lineamentis

196 517 436 558 describam.

304 588 359 627 Et
396 586 689 638 Aristophanes
725 586 888 639 quidem
925 586 1082 626 iuvenis
1122 586 1366 636 admodum,
1417 600 1508 628 cum
1557 589 1642 640 pri-

191 668 303 700 mum
331 655 383 694 ad
412 655 556 707 poesin
585 657 767 705 accessit,
795 655 897 695 illud
927 655 1052 707 elegit
1081 661 1389 707 argumentum,
1420 656 1529 707 quod
1558 657 1642 709 pri-

191 737 303 765 mum
333 724 508 764 debebat
538 724 751 763 offendere
790 730 938 776 poetae
977 725 1175 773 animum,
1214 726 1282 776 qui
1312 725 1432 764 modo
1464 739 1513 766 ex
1541 739 1642 778 pue-

189 795 248 834 ris
277 797 529 833 excesserat:
561 793 657 843 quid
689 793 796 833 enim
827 793 954 845 magis
983 798 1299 834 consentaneum
1331 799 1406 844 est,
1432 808 1551 847 quam
1579 796 1643 835 iu-

189 875 334 903 venem
378 863 507 913 probe
553 862 850 913 diligenterque
903 863 1118 902 educatum
1168 864 1344 903 novitiae
1389 865 1641 916 disciplinae,

189 943 294 983 quae
335 936 432 970 tunc
475 931 680 971 invaserat
721 925 1030 971 Atheniensium
1085 931 1312 980 civitatem,
1365 933 1639 984 corruptelam

179 1002 382 1041 'continuo
413 1000 702 1052 perspexisse?
732 1005 774 1040 et
803 1006 848 1040 ut
876 1001 925 1040 ab
945 1001 1021 1040 hac
1049 1001 1304 1052 aegritudine
1334 1002 1511 1042 animum
1539 1002 1643 1042 libe-

187 1074 317 1118 raret,
346 1075 393 1109 ut
423 1070 532 1120 quod
560 1069 650 1120 ipse
679 1074 798 1109 acute
830 1070 1190 1117 animadverterat,
1234 1070 1321 1109 aliis
1351 1082 1515 1121 quoque
1543 1081 1639 1122 pro-

187 1143 383 1192 poneret,
424 1138 688 1178 Daetalenses
729 1138 906 1190 scripsit.
965 1140 1020 1178 At
1048 1138 1364 1189 Aristophanem
1403 1150 1483 1177 non
1519 1137 1639 1190 fugit,

187 1208 309 1248 latius
363 1208 445 1246 iam
489 1220 658 1259 serpere
703 1212 861 1259 pestem
903 1207 1014 1246 illam
1059 1211 1101 1246 et
1146 1218 1265 1257 quam
1316 1219 1455 1246 rerum
1500 1208 1636 1257 priva-

185 1282 341 1325 tarum,
391 1277 563 1317 eandem
613 1278 735 1316 etiam
775 1277 1030 1329 publicarum
1073 1288 1165 1315 esse
1206 1276 1427 1327 perniciem
1468 1281 1509 1314 et
1547 1288 1638 1316 cor-

185 1347 411 1398 ruptelam:
453 1347 592 1397 itaque
628 1345 725 1386 inde
769 1347 819 1385 ab
859 1359 909 1386 eo
949 1350 1135 1397 tempore
1170 1358 1372 1397 generoso
1413 1345 1638 1386 concitatus

185 1417 281 1456 odio
310 1415 627 1456 Atheniensibus
666 1415 840 1454 civitatis
876 1415 1144 1454 calamitatem
1183 1415 1443 1466 spectandam
1487 1428 1638 1467 propo-

184 1487 287 1533 suit,
317 1497 394 1525 nec
422 1485 659 1535 cuiusquam
689 1484 876 1536 dignitati
905 1483 1112 1536 pepercit:
1142 1490 1206 1524 est
1237 1485 1365 1533 enim,
1397 1489 1441 1525 ut
1469 1485 1637 1524 iuvenes

183 1555 331 1602 solent,
355 1553 650 1605 Aristophanes
675 1554 896 1594 acerrimus
927 1554 1071 1593 vindex
1102 1555 1462 1604 severissimusque
1488 1553 1636 1592 iudex:

182 1623 322 1675 itaque
351 1623 474 1662 etiam
504 1624 754 1672 comoediae,
785 1635 884 1674 quas
913 1628 1009 1662 tunc
1034 1624 1273 1674 composuit,
1303 1623 1456 1662 habent
1485 1623 1637 1661 austeri

182 1694 281 1746 quid
322 1698 364 1732 et
400 1693 584 1745 proxime
622 1693 673 1732 ad
713 1693 867 1733 Cratini
909 1693 1088 1733 indolem
1124 1693 1343 1732 accedunt:
1383 1692 1637 1742 maximeque

182 1764 440 1804 desideratur
468 1762 680 1814 ingeniosa
708 1763 778 1802 illa
806 1762 994 1812 licentia,
1032 1774 1111 1814 qua
1141 1774 1239 1802 usus
1269 1765 1410 1813 postea
1441 1761 1636 1812 quidquid

180 1833 258 1874 sibi
287 1832 523 1885 proposuit,
567 1832 836 1871 conformavit
865 1837 907 1872 et
941 1845 1015 1884 pro
1052 1833 1216 1872 arbitrio
1257 1833 1384 1871 finxit.
1443 1832 1635 1882 Quamvis

178 1902 304 1955 igitur
332 1902 582 1953 antiquiores
610 1902 846 1942 comoediae
875 1902 1044 1954 propius
1085 1902 1134 1940 ad
1173 1902 1384 1941 veritatem
1425 1901 1634 1952 ipsiusque

178 1972 287 2011 vitae
317 1971 656 2011 consuetudinem
679 1972 886 2020 accedant,
917 1979 1050 2010 tamen
1077 1972 1206 2023 gratia
1227 1971 1296 2010 illa
1326 1976 1448 2022 atque
1479 1971 1633 2021 lepore,

180 2040 251 2091 qui
280 2041 400 2079 decet
429 2046 605 2092 poetam,
635 2041 767 2081 minus
796 2045 891 2081 sunt
919 2041 1112 2092 insignes.
1142 2041 1206 2081 Ad
1235 2040 1341 2079 hanc
1371 2041 1495 2090 igitur
1523 2042 1634 2077 aeta-

178 2112 262 2148 tem
292 2109 518 2160 pertinent,
547 2110 845 2158 Daetalenses,
876 2110 1104 2161 Babylonii
1117 2139 1127 2158 ,
1155 2110 1469 2156 Acharnenses‚
1498 2107 1632 2160 Equi-

178 2186 262 2228 tes,
299 2178 529 2227 Holcades,
569 2183 610 2218 et
639 2179 674 2218 si
704 2180 784 2227 vis,
820 2178 960 2219 Nubes
992 2180 1173 2230 priores.
1240 2179 1492 2228 Quamquam
1529 2176 1633 2216 haec

178 2249 344 2302 quidem
374 2248 587 2288 comoedia
616 2248 665 2287 ab
696 2260 848 2296 earum,
881 2247 1002 2287 modo
1033 2259 1132 2298 quas
1161 2247 1255 2294 dixi,
1282 2246 1450 2298 ingenio
1480 2245 1632 2285 abhor-

177 2319 262 2359 ruit
291 2323 333 2358 et
362 2318 415 2357 ob
443 2318 485 2357 id
514 2318 649 2370 ipsum
678 2318 809 2357 minus
839 2318 1010 2370 probata
1051 2321 1114 2355 est
1142 2315 1474 2355 Atheniensibus.
1542 2316 1632 2367 Quo

179 2387 333 2428 diutius
373 2388 482 2427 enim
520 2392 644 2439 poeta
685 2399 848 2427 omnem
885 2399 1024 2427 rerum
1060 2385 1139 2425 vim
1181 2385 1380 2425 infinitam
1423 2385 1558 2424 animo
1589 2387 1631 2424 et

176 2457 426 2511 cogitatione
456 2457 689 2509 complexus
720 2462 802 2505 est,
843 2469 922 2507 quo
953 2457 1181 2495 accuratius
1218 2455 1352 2494 omnia
1381 2453 1630 2506 pervestiga-

175 2527 247 2575 vit,
277 2540 326 2565 eo
358 2527 527 2578 propius
558 2526 609 2565 ad
638 2526 795 2565 fontem
819 2527 934 2576 quasi
964 2531 1087 2576 atque
1116 2528 1237 2576 caput
1265 2525 1442 2580 omnium
1472 2527 1514 2561 ct
1541 2535 1626 2563 ma-

175 2595 309 2635 lorum
340 2599 382 2635 et
411 2596 611 2635 bonorum
639 2596 690 2635 ad
724 2594 1023 2647 philosophiam
1054 2595 1238 2642 accessit,
1264 2593 1400 2643 itaque
1429 2591 1510 2631 huc
1539 2597 1626 2632 stu-

175 2664 287 2704 dium
316 2665 478 2704 rettulit
514 2665 555 2705 in
586 2665 772 2705 Nubibus
801 2664 1063 2715 Socratisque
1092 2661 1508 2715 personamsmaxima
1544 2666 1627 2719 tra-

175 2734 299 2776 ctsvit
326 2734 514 2775 licentia:
557 2734 628 2775 sed
659 2734 740 2775 hoc
767 2735 923 2787 ipsum,
952 2733 1140 2784 quoniam
1169 2745 1193 2773 a
1223 2731 1378 2784 vulgari
1407 2735 1626 2773 consuetu-

1699 2132 1716 2549 rmnm—
1715 2116 1716 2125 ⁴

1700 2725 1716 2862 ἰ1

1701 2903 1707 2924 ε

1692 2932 1711 3164 ι
