1716 3158
214 168 297 209 79⁰
782 165 1116 208 ΤΗΕΟΡΟΜΡΙ

924 276 975 317 V.

953 355 1156 401 Χλαῖναν
1184 355 1231 398 δέ
1259 370 1331 399 σοι

491 438 642 494 λαβών
672 442 854 494 παχεῖαν
883 438 1076 494 ἐπιβαλῶ
1103 432 1375 492 Λακώνικήν.

325 555 472 595 Pollux
499 554 538 595 X
568 554 673 594 124:
712 548 793 601 τὴν
824 550 1010 604 χλαῖναν
1047 550 1093 593 δὲ
1128 545 1263 601 οὕτως
1300 547 1479 592 ἐκάλουν
1516 553 1559 594 οὶ
1588 553 1663 604 τῆς

213 619 441 679 κωμῳδίας
470 618 664 672 ποιηταί,
679 618 796 675 μόνα
825 617 879 660 τὰ
908 620 1048 674 παχέα
1079 617 1232 674 ἱμάτια
1248 617 1408 670 ταύτης
1436 620 1512 672 τῆς
1525 637 1662 676 προσ-

215 689 394 747 ηγορίας
423 687 655 742 ἀξιοῦντες,
683 685 829 745 ὥσπερ
857 690 932 730 καὶ
965 687 1223 744 Θεόπομπος
1251 690 1298 732 ἐν
1326 685 1493 747 Εἰρήνῃ
1525 691 1660 733 Χλαῖ-

213 773 298 803 ναν
337 760 383 802 δέ
419 760 614 802 σοι-κτλ,
682 761 928 802 Partiouiam
971 758 1018 800 δὲ
1056 762 1212 802 addidit
1242 763 1450 803 Bentleius
1480 764 1664 816 Epistola

213 833 266 874 nd
293 831 531 875 Hemsterh.
558 845 599 884 p.
627 831 695 871 64.
724 827 874 882 λαβών
903 844 951 871 ex
982 831 1071 872 cod.
1104 832 1241 874 Falck.
1271 833 1456 873 accessit.

907 959 979 1002 Vl.

324 1044 471 1085 Pollux
501 1042 562 1083 111
590 1042 668 1082 27:
703 1038 862 1082 τοῦτον
890 1041 1124 1098 (πατρωόν
1151 1045 1374 1096 vitricum)
1409 1039 1664 1097 ’Υπερεὶδης

213 1139 269 1148 --
294 1111 508 1168 μητρυιὰν
534 1109 718 1162 κέκληκε,
744 1111 820 1152 καὶ
852 1108 1110 1166 Θεόπομπος
1139 1109 1163 1154 ὁ
1191 1110 1375 1167 κωμικὸς
1403 1110 1449 1152 ἐν
1488 1107 1660 1168 Εἰρήνῃ.

215 1183 391 1224 Photius
406 1196 446 1236 p.
462 1182 546 1222 268
575 1183 645 1223 22.
674 1180 884 1236 μητρυῖον
902 1183 1023 1234 (sic):
1058 1178 1316 1235 Θεόπομπος
1342 1180 1420 1221 τὸν
1438 1182 1662 1238 πατρυῖον.

215 1253 278 1295 lta
311 1254 518 1295 Porsonus
547 1265 622 1304 pro
650 1249 884 1304 πατρώιον.
914 1253 1084 1293 Rectius
1114 1253 1304 1293 scribitur
1333 1249 1550 1305 πατρωόν.
1579 1255 1664 1295 Eu-

214 1323 389 1364 stuthius
419 1322 471 1363 ad
501 1321 616 1362 iliad.
644 1334 685 1374 p.
707 1321 790 1361 560
820 1323 895 1362 14:
923 1321 999 1361 καὶ
1025 1318 1238 1376 μητρυιὰν
1269 1320 1313 1360 οἱ
1342 1319 1523 1361 παλαιοί
1552 1335 1662 1376 φασι

213 1390 293 1432 τὸν
329 1385 559 1446 πατρωόν,
604 1386 1001 1445 ἆρρενωνυμοῦντες
1042 1390 1123 1442 τὴν
1157 1386 1394 1445 μητρυιάν,
1431 1391 1505 1432 καὶ
1553 1390 1664 1444 λέγει

214 1455 329 1503 οὕτω
372 1456 652 1516 Θεόπομπος,
692 1459 767 1501 καὶ
804 1459 847 1502 οἱ
882 1461 1063 1515 κωμικοὶ
1102 1460 1149 1502 δὲ
1184 1456 1377 1516 μάλιστα
1413 1457 1526 1502 κατὰ
1564 1457 1665 1511 τοὺς

214 1526 442 1580 παλαιούς.

504 1730 1360 1782 ΗΔΥΧΑΡΗΣ.·)

935 1854 968 1894 1.

435 1933 530 1976 Καὶ
558 1930 686 1983 στῆτ’
717 1933 873 1989 ἐφεξῆς
900 1934 1110 1990 κεστρέων
1137 1932 1286 1984 νῆστις
1310 1928 1439 1988 χορός

436 2013 691 2071 λαχάνοισιν
716 2011 862 2074 ὥσπερ
890 2018 1019 2073 χῆνες
1048 2017 1322 2072 ἐξενισμένοι.

324 2129 563 2172 Athenaeus
593 2131 671 2172 Vll
700 2144 742 2184 p.
773 2132 918 2172 3⁰82:
955 2127 1211 2184 Ὑπολοιβών
1239 2127 1286 2169 δὲ
1316 2123 1561 2183 ΝῙυρτίλος,
1588 2124 1664 2166 καὶ

216 2192 346 2248 στῆτ’
377 2196 548 2252 ἑφεξῆς,
585 2195 693 2253 ἔφη,
732 2198 844 2240 κατὰ
873 2197 950 2240 τὸν
983 2195 1247 2252 Θεοπόμπου
1270 2192 1557 2252 “Ηδυχάρην,
1598 2209 1662 2235 κε-

217 2266 379 2321 στρέων
420 2267 508 2308 κτλ.
594 2271 666 2313 Vs.
707 2272 730 2312 1
774 2272 842 2312 alii
883 2271 973 2311 libri
1014 2258 1049 2308 ὦ
1088 2265 1216 2318 στῆτ’
1264 2265 1446 2321 ἑφεξῆς,
1494 2270 1663 2308 notante

218 2339 477 2380 cnsaubono.

903 2423 957 2462 Π.

831 2500 916 2545 ‘'Ev
944 2499 1025 2558 γάρ
1050 2500 1168 2542 ἐστιν
1197 2496 1296 2542 οὐδὲ
1329 2499 1388 2551 ἕν,

382 2587 441 2628 τά
470 2585 516 2628 δὲ
546 2583 625 2629 δύο
653 2583 778 2642 μόλις
806 2586 852 2629 ἕν
879 2586 1010 2639 ἐστιν,
1039 2579 1096 2635 ὥς
1125 2597 1261 2641 φησιν
1290 2579 1490 2625 Πλάτων.

312 2734 345 2775 ⁸)
369 2733 417 2773 V·
440 2733 530 2768 Hist.
555 2733 630 2769 crit.
654 2746 690 2779 p.
715 2733 795 2770 240.
818 2733 899 2770 289.
