1716 3164
760 151 892 194 ΝΗΣ
896 151 969 194 0-1.
1496 157 1609 201 1109

235 274 440 316 Stobaeus
472 273 544 314 LX
574 274 601 314 7
634 273 714 314 vol.
748 273 786 314 ll
817 287 857 327 p.
888 273 995 314 4⁰5:
1039 268 1396 328 Ἀριστοφάνους
1426 269 1605 325 Νήσων.

121 346 211 388 cod.
245 345 372 386 Paris.
407 341 605 393 νησσῶν,
644 343 755 383 unde
787 343 975 384 Dindorf.
1007 357 1154 396 parum
1194 351 1316 388 caute
1351 343 1607 386 Φοινισσῶν

121 416 312 459 coniecit.
384 417 456 458 Vs.
490 416 510 454 1
555 411 602 453 ἐν
632 410 732 469 τῇδε
767 415 795 454 i.
828 427 865 455 e.
896 411 943 453 ἐν
971 408 1160 471 Εἰρήνῃ,
1204 430 1297 458 nam
1328 417 1533 458 Stobaeus
1562 417 1606 460 iu

120 489 192 528 illo
223 488 357 540 capite
388 487 441 527 de
474 486 590 526 Pacis
621 485 847 525 commodis
878 485 976 538 agit.
1020 509 1074 518 --
1128 488 1198 528 Vs.
1229 489 1256 528 2
1287 488 1505 540 legebatur
1534 480 1603 528 οἵ·

121 558 211 598 κεῖν
239 558 323 612 μὲν
355 554 403 597 ἐν
431 552 549 611 ἀγρῷ
578 552 762 604 τοῦτον,
798 559 840 595 at
875 552 924 594 ἐν
958 549 1079 611 ἀγρῷ
1115 569 1208 597 cum
1245 558 1523 610 subsequatur
1557 556 1608 599 ἐν

124 628 184 686 τῷ
214 624 353 684 γηδίῳ
383 628 447 669 vix
477 631 614 681 potest
644 626 767 675 ferri,
810 639 1039 679 pronomen
1075 633 1213 669 autem
1244 624 1403 667 τοῦτον
1431 641 1604 682 prorsus

119 700 427 742 incommodum
466 703 551 747 est,
583 697 725 749 itaque
755 697 902 750 scripsi
932 692 1070 751 ἀργὸν
1103 693 1262 749 αὐτόν,
1303 712 1482 751 namque
1519 700 1604 742 hoc

120 777 243 826 poeta
273 771 381 811 inter
410 782 572 809 summa
602 769 716 822 pacis
747 768 963 809 commoda
995 769 1152 820 refert,
1192 771 1303 823 quod
1333 771 1490 811 civibus
1519 772 1601 813 iam

118 843 255 892 liceat,
285 842 443 882 otiosos
471 840 584 893 ipsos
614 840 700 880 ruri
731 839 855 879 vitam
886 839 1063 894 degere,
1102 842 1249 894 procul
1278 855 1302 882 a
1331 842 1476 883 militia
1506 845 1550 883 et
1577 856 1602 885 n

118 913 355 954 forensibus
385 911 564 964 negotiis
594 910 906 962 calumniisque,
939 911 1088 962 quibus
1105 913 1281 954 maxime
1304 913 1480 954 obnoxia
1510 918 1601 955 erat

117 984 390 1036 agricolarum
434 981 671 1030 multitudo,
711 980 810 1021 belli
841 980 1142 1022 calamitatibus
1178 983 1221 1023 in
1259 984 1373 1024 urbis
1418 988 1598 1039 augusta

112 1054 276 1094 moenia
315 1052 549 1106 compulsa:
585 1052 724 1104 itaque
763 1054 888 1103 poeta
931 1051 1118 1105 adiungit
1147 1053 1245 1093 illa:
1284 1047 1599 1107 ἀπαλλαγέντα

115 1122 202 1163 τῶν
229 1119 332 1164 κατ’
363 1117 531 1176 ἀγορὰν
560 1115 844 1176 πραγμάτων,
877 1146 933 1154 -
967 1122 1036 1163 Vs.
1065 1123 1093 1163 5
1124 1120 1380 1177 προβατίων
1410 1126 1597 1178 Grotius,

114 1195 239 1248 vulgo
270 1188 519 1248 προβάτων.
562 1217 619 1224 —
662 1192 734 1234 Vs.
765 1193 791 1232 6
835 1187 991 1244 τρυγὸς
1026 1193 1147 1235 codd.
1188 1188 1314 1247 αἰγὸς
1353 1196 1597 1238 Trincavel-
1647 1233 1651 1236 ,

115 1266 199 1306 Ιιιε.’
223 1290 279 1298 --
310 1266 379 1307 Vs.
410 1265 437 1305 7
469 1257 569 1318 ὄψῳ
599 1263 837 1312 Salmasius,
869 1263 994 1318 vulgo
1026 1258 1167 1318 ὄψων,
1199 1266 1312 1307 idem
1342 1264 1597 1318 σπινιδίοις,

114 1349 189 1390 pro
221 1336 332 1391 vulg.
362 1332 595 1386 πηνιὸίοις.
654 1332 702 1374 δὲ
731 1333 862 1375 Gaisf.
891 1334 1016 1390 vulgo
1045 1348 1103 1377 τε.

831 1458 886 1500 11.

583 1540 643 1586 A.
678 1539 732 1584 Τι’
763 1540 819 1584 σὺ
846 1541 1012 1596 λέγειςς
1045 1536 1158 1584 εἰσὶν
1189 1542 1235 1585 δὲ
1267 1542 1378 1597 ποῦς

283 1627 340 1671 Β.
371 1627 485 1670 Atat
513 1624 613 1669 κατ’
649 1624 790 1679 αὐτὴν
820 1622 877 1678 ἣν
905 1626 1078 1683 βλέπεις
1109 1626 1192 1681 τὴν
1220 1627 1409 1674 εἴσοδον.

227 1743 459 1784 Scholiasta
488 1744 589 1786 AvV.
614 1742 719 1783 297³
748 1737 940 1790 Εἴσοὸος
967 1739 1014 1781 δὲ
1043 1741 1214 1795 λέγεται
1240 1733 1269 1800 ᾗ
1298 1740 1322 1783 ὁ
1347 1739 1479 1798 χορὸς
1507 1740 1595 1784 εἴσ-

117 1827 227 1854 εισιν
255 1814 302 1854 ἐν
331 1812 383 1871 τῇ
414 1812 565 1871 σκηνῇ.
594 1812 669 1856 καὶ
699 1812 746 1852 ἐν
776 1814 873 1860 ταῖς
901 1808 1094 1862 Νὴσοις·
1131 1810 1185 1852 Τι’
1215 1812 1270 1854 σὺ
1298 1812 1453 1867 λέγειςς
1479 1806 1605 1855 εἰσὶν

114 1883 161 1925 δέ
191 1898 277 1924 που
306 1884 397 1927 κτλ.
455 1887 517 1926 sic
547 1885 667 1939 vulgo
700 1885 860 1934 editur,
899 1890 1014 1924 recte
1043 1885 1256 1925 constituit
1286 1887 1443 1940 Reisig.
1474 1885 1594 1927 Coni.

115 1957 204 2010 lp.
237 1958 333 1998 16⁰.
393 1957 632 1997 Dindorfius
676 1957 746 1996 illa
791 1956 916 1996 verba
961 1952 1005 1994 τί
1048 1953 1104 1995 σὺ
1148 1954 1285 2009 λέγεις
1334 1958 1475 1998 nescio
1518 1969 1594 1998 cnr

0 2056 1 2067 ¹
58 2060 60 2062 v
116 2028 269 2069 omisit.
328 2028 375 2069 In
413 2029 582 2068 exordio
623 2026 789 2067 fabulae
830 2027 935 2067 haec
972 2027 1218 2080 legebantur
1248 2033 1344 2069 ante
1375 2029 1490 2069 chori
1519 2041 1592 2082 pa-

115 2099 287 2149 rodum,
329 2111 510 2150 ususque
540 2099 704 2138 videtur
733 2104 856 2151 poeta
887 2099 966 2138 hac
996 2099 1212 2139 occasione
1242 2100 1324 2149 ita,
1363 2108 1408 2140 ut
1446 2098 1592 2152 viginti

117 2176 311 2223 quattuor
341 2170 457 2209 chori
488 2182 708 2222 personna,
746 2181 851 2222 quae
880 2170 921 2210 in
952 2183 1118 2210 scenam
1155 2171 1398 2223 prodibant,
1435 2169 1590 2210 insula-

113 2254 204 2280 rum
237 2254 335 2292 prae
365 2251 410 2279 se
438 2240 623 2280 ferentes
653 2241 835 2291 speciem
863 2245 1116 2289 recenseret,
1149 2241 1496 2292 quemadmodum
1526 2239 1592 2279 fe-

119 2312 175 2350 cit
205 2309 504 2362 Aristophanes
543 2311 584 2350 in
615 2311 791 2359 Avibus,
833 2315 874 2349 et
904 2323 1026 2362 quem
1058 2311 1180 2350 modo
1210 2311 1304 2360 dixi,
1342 2310 1516 2363 Eupolis
1545 2309 1588 2351 in

118 2381 314 2424 Urbibus.
384 2377 579 2419 Εἴσοδον
623 2387 759 2421 autem
805 2381 992 2421 similiter
1039 2382 1193 2422 dictum
1246 2396 1326 2422 non
1372 2382 1506 2422 solum
1546 2381 1589 2421 in

116 2453 264 2494 Avium
293 2464 415 2492 versu
446 2452 608 2500 (297):
653 2447 807 2491 Ozize‘z'
841 2448 933 2492 ἔστ’
964 2445 1073 2491 ἰδεῖν
1109 2447 1189 2491 vn'
1222 2449 1368 2492 αὐτῶν
1406 2448 1588 2505 πετομέ-

118 2535 206 2563 νων
236 2522 315 2571 τιρ)
345 2519 544 2573 εἴσοδον,
583 2537 725 2564 verum
766 2525 889 2564 etiam
927 2524 968 2564 in
1001 2525 1189 2565 Nubibus
1221 2538 1256 2564 v.
1287 2523 1393 2565 324:
1439 2518 1494 2562 Ti
1537 2518 1588 2563 τὸ

114 2592 283 2648 χρῆμας
315 2588 402 2640 “Ως
432 2589 484 2634 οὐ
513 2593 711 2648 καθορῶ.
777 2592 878 2637 ΣΩ.
922 2592 1057 2649 Παρὰ
1086 2593 1168 2644 τὴν
1195 2591 1384 2636 εἴσοδον.
1448 2591 1587 2636 ΣΤΡ.

122 2660 241 2715 Ἠδη
273 2663 369 2705 νυνὶ
396 2662 523 2719 μόλις
549 2658 699 2714 οὕτως.
