1716 3164
266 189 349 228 894
776 186 1211 230 ARISTOPHANES.

212 313 217 323 ¹
267 298 425 338 temnit.
467 299 517 337 At
548 309 786 348 quamquam
816 298 856 336 in
877 298 1146 348 Aristophane
1176 299 1494 350 ingeniosissimo
1526 304 1702 343 omnium

263 371 384 417 poeta
411 366 474 404 vix
506 366 596 404 fieri
627 371 775 417 potest,
805 370 850 405 ut
879 367 1095 413 rationem,
1127 380 1244 417 quam
1274 370 1313 408 in
1345 372 1562 411 comoediis
1593 385 1701 412 com-

266 435 465 485 ponendis
507 439 669 474 secntus
707 436 780 482 sit,
819 435 1058 486 investiges,
1099 438 1336 487 praesertim
1368 451 1456 478 cum
1488 441 1702 480 multarum

263 503 490 542 fabularum
530 505 698 555 exiguae
736 508 889 543 tantum
925 505 1165 555 superstites
1202 506 1280 544 sint
1310 507 1529 556 reliquiae,
1567 515 1700 549 tamen

262 573 361 611 illud
396 577 587 624 quantum
617 573 708 611 fieri
739 573 890 624 potuit,
918 574 1160 612 *coniectura
1191 575 1350 624 assequi
1380 576 1539 623 studui,
1578 582 1623 616 ut
1662 584 1703 618 et

261 654 341 692 qno
371 646 556 693 tempore
585 642 769 693 singulae
798 643 1031 681 comoediae
1058 642 1201 681 doctae
1240 642 1394 682 fuerint
1423 648 1463 683 et
1493 645 1599 695 quod
1629 659 1701 697 po-

261 709 459 749 tissimum
489 715 772 762 argumentum
804 712 1040 763 complexae
1070 711 1165 759 sint,
1196 712 1371 763 perspici
1401 719 1551 763 posset.
1634 756 1639 761 κ

371 781 425 818 Et
464 784 691 830 temporum
722 779 884 830 quidem
922 781 991 818 illa
1030 780 1255 831 explanatio
1286 781 1501 832 plurimum
1543 782 1702 823 confert

260 847 311 886 ad
340 851 485 898 poetae
523 849 776 899 propositum
814 848 1119 896 illustrandum,
1155 850 1209 887 ita
1249 855 1293 888 ut
1323 854 1491 901 utraque
1521 854 1701 902 quaestio

258 916 502 966 plerumque
558 917 782 956 arctissimo
841 918 999 962 vinculo
1054 919 1280 957 cohaereat.
1354 921 1702 969 Quemadmodum

259 986 365 1024 enim
395 985 435 1024 in
467 985 652 1024 undecim
681 986 781 1033 illis,
820 999 924 1037 quae
962 987 1144 1037 integrae
1183 993 1422 1038 supersunt,
1466 991 1699 1039 comoediis,

254 1055 419 1093 maximi
457 1055 651 1094 momenti
685 1060 771 1103 est,
819 1056 925 1106 quod
965 1069 1043 1095 uon
1084 1056 1214 1097 solum
1251 1068 1419 1104 annum,
1466 1057 1538 1096 sed
1579 1060 1698 1099 etiam

256 1123 388 1171 diem,
422 1136 507 1174 ,quo
544 1122 683 1163 fabula
720 1128 808 1163 acta
845 1129 926 1172 est,
961 1125 1058 1163 satis
1100 1111 1212 1163 certo
1254 1123 1426 1162 definire
1468 1138 1699 1176 possumus,

256 1193 444 1243 quoniam
474 1194 533 1232 sic
563 1193 724 1232 demum
753 1193 928 1244 intelligi
958 1197 1114 1245 potest,
1153 1204 1257 1243 quac
1286 1194 1546 1234 necessitudo
1573 1195 1699 1235 inter-

255 1261 372 1300 cedat
387 1262 493 1300 inter
508 1260 784 1313 spectaculum
800 1262 917 1310 illud,
941 1263 1049 1313 quod
1071 1267 1193 1314 poeta
1211 1262 1388 1310 exhibet,
1418 1266 1537 1313 atque
1566 1263 1698 1316 ipsum

252 1330 367 1370 illum
397 1343 536 1370 rerum
567 1332 817 1370 extrinsecus
845 1331 1069 1382 positarum
1098 1336 1269 1379 statnm;
1298 1332 1354 1370 ita
1383 1332 1503 1371 etiam
1533 1333 1574 1371 in
1602 1334 1699 1373 reli-

252 1399 355 1450 quiis
376 1400 625 1451 perditarum
645 1399 870 1438 fabularum
899 1401 998 1438 nihil
1014 1401 1132 1450 plane
1152 1401 1290 1439 videre
1314 1402 1491 1452 poteris,
1519 1401 1596 1440 nisi
1619 1415 1697 1453 quo

252 1479 438 1519 quaeque
461 1473 647 1519 tempore
672 1469 790 1507 docta
811 1470 874 1516 sit,
894 1469 1213 1520 investigaveris!
1241 1470 1342 1508 Nam
1360 1470 1697 1520 quemadmodum

252 1537 417 1587 antiqua
446 1538 581 1577 Attica
617 1538 827 1577 comoedia
863 1550 1022 1576 omnem
1062 1538 1172 1577 illam
1210 1538 1406 1577 infinitam
1446 1550 1576 1588 paene
1615 1539 1695 1579 vim

248 1610 373 1656 atque
410 1607 568 1658 copiam
590 1619 734 1650 ¹rerum
765 1610 806 1645 et
836 1606 1060 1645 divinarum
1091 1612 1131 1644 et
1161 1607 1426 1647 humanarum
1458 1607 1695 1658 complecti-

249 1678 330 1722 tur,
350 1675 405 1714 ita
434 1676 554 1715 etiam
584 1688 664 1716 una
690 1688 874 1727 quaeque
903 1674 1040 1714 fabula
1069 1676 1262 1715 varietate
1291 1688 1337 1713 ac
1368 1675 1601 1715 diversitate
1629 1689 1696 1716 re-

249 1755 340 1783 tum
358 1743 525 1796 insignis
554 1750 629 1793 est,
655 1750 702 1784 et
730 1745 764 1784 si
781 1757 921 1784 verum
951 1744 1071 1783 fateri
1093 1745 1292 1793 volumus,
1322 1744 1504 1796 singulae
1534 1756 1696 1784 comoe-

248 1813 342 1852 diae
371 1826 454 1853 non
484 1818 563 1854 tam
593 1815 634 1854 in
664 1814 834 1866 singulis
863 1814 986 1853 rebus
1015 1819 1241 1861 versantur,
1271 1825 1389 1865 quam
1419 1814 1459 1852 in
1490 1825 1569 1855 una
1598 1826 1696 1865 qua·

249 1895 330 1933 quc
370 1883 508 1923 fabula
545 1884 676 1924 omnis
712 1883 1021 1925 Atheniensium
1065 1888 1106 1921 et
1134 1884 1296 1935 publica
1332 1888 1373 1922 et
1419 1883 1574 1934 privata
1613 1884 1693 1922 vita

249 1956 441 2003 tanquam
471 1953 511 1992 in
540 1954 698 1993 minore
728 1953 901 2005 quodam
927 1952 1081 1992 mundo
1111 1956 1452 2003 repraesentatur.
1482 1952 1535 1990 At
1555 1964 1694 2002 quem-

248 2020 468 2060 admodum
497 2022 567 2061 illa
596 2027 728 2070 aetas,
759 2034 862 2073 quae
891 2006 1141 2060 comoediam
1171 2021 1372 2071 antiquam
1404 2023 1445 2058 et
1473 2021 1693 2061 florescen-

249 2094 333 2129 tem
377 2096 418 2129 et
456 2095 738 2129 senescentem
776 2091 898 2137 vidit,
938 2090 1057 2128 variis
1096 2101 1290 2128 concussa
1319 2089 1398 2127 fuit
1437 2089 1613 2129 motibus
1651 2094 1693 2130 et:

246 2159 386 2198 mobili
425 2159 594 2199 transitu
627 2160 801 2210 agitata,
841 2160 895 2197 ita
934 2159 1074 2209 quovis
1111 2159 1201 2197 fere
1241 2172 1344 2199 anno
1375 2171 1499 2198 unum
1529 2159 1693 2210 aliquod

245 2232 408 2278 praeter
437 2233 574 2269 cetera
599 2229 795 2275 eminuit,
833 2228 941 2279 quod
970 2232 1039 2267 aut
1068 2231 1235 2279 propter
1263 2228 1482 2268 novitatem
1512 2228 1690 2268 insolen-

245 2298 394 2338 tiamve
431 2303 503 2339 aut
532 2302 701 2350 propter
729 2298 967 2349 gravitatem
1000 2299 1178 2338 omnium
1210 2298 1250 2336 in
1281 2310 1325 2336 se
1355 2298 1553 2336 convertit
1593 2309 1690 2338 ocu-

244 2367 327 2406 lose:
367 2366 447 2407 hoc
483 2369 608 2419 igitur
657 2367 906 2419 potissimum
950 2380 973 2405 a
1010 2367 1173 2407 comicis
1211 2368 1342 2418 poetis
1388 2379 1461 2405 suo
1499 2366 1689 2418 quodque

244 2442 431 2488 tempore
461 2436 678 2489 praecipue
713 2437 956 2475 illustratum
995 2449 1108 2484 esse,
1147 2437 1203 2476 ita
1244 2442 1289 2475 ut
1329 2436 1490 2486 reliqua
1519 2435 1687 2475 recede-

242 2510 348 2553 rent,
379 2518 458 2547 non
482 2506 633 2546 >mirum
660 2505 862 2543 videbitur
890 2505 941 2551 ei,
971 2506 1040 2555 qui
1066 2505 1316 2558 cogitaverit,
1347 2505 1687 2557 comicospoetas

248 2574 378 2613 multo
409 2576 537 2626 magis
568 2587 686 2626 quam
721 2585 862 2612 omnes
892 2573 1017 2621 alios,
1047 2575 1300 2624 praesentiae
1329 2574 1540 2612 adstrictos
1570 2584 1687 2613 suum

244 2643 500 2694 potissimum
522 2644 732 2695 populum,
762 2655 874 2682 suam
892 2642 1108 2693 civitatem,
1138 2655 1255 2682 suum
1265 2641 1469 2682 saeculum
1487 2645 1687 2693 spectare.

240 2710 306 2752 Ita
334 2713 404 2762 fit,
445 2719 490 2753 ut
519 2714 588 2764 qui
617 2713 834 2765 temporis,
863 2710 1337 2764 quoaliquacomoedia
1368 2709 1486 2749 docta
1516 2715 1599 2761 est,
1626 2711 1687 2750 ni-
