1716 3164
214 189 320 228 1170
568 198 573 201 ο
741 179 1148 221 ARISTOPHANIS

783 386 1116 428 ΩΡΑΙ.

326 514 505 565 Apparet
534 525 581 552 ex
612 510 793 563 reliquiis
813 511 918 551 hanc
941 508 1192 550 comoediam
1223 506 1413 558 scriptam
1443 517 1535 545 esse
1563 517 1659 544 con-

215 585 279 621 tra
306 581 510 622 levitatem
544 580 853 622 Atheniensium
883 580 924 620 in
954 577 1212 619 admittendis
1242 576 1356 616 novis
1384 574 1659 626 religionibus,

216 650 270 690 de
299 663 378 702 quo
409 652 489 690 dixi
518 652 559 690 in
591 651 818 690 Comment.
848 662 888 700 p.
914 647 970 688 75
998 660 1086 699 sqq.
1153 644 1305 686 Confer
1332 642 1516 695 inprimis
1551 642 1662 682 Stra-

216 720 364 760 bonem
385 720 422 759 X
450 733 490 772 p.
513 719 596 758 364
626 719 690 758 ed.
722 718 931 757 Tauchn.:
957 711 1204 763 Ἀθηναῖοι
1236 708 1282 750 δ’
1314 705 1457 765 ὥσπερ
1486 710 1584 763 περὶ
1608 705 1662 748 τὰ

217 784 329 826 ἄλλα
360 785 681 840 (ριλοξενοῦντες
711 783 996 834 διατελοῦσιν,
1026 777 1138 824 οὕτω
1165 781 1351 835 καὶπερὶ
1379 777 1479 827 τοὺς
1508 774 1659 826 θεούς·

217 854 356 895 πολλὰ
383 853 464 910 γὰρ
493 855 578 895 τῶν
608 853 779 905 ξενικῶν
818 852 942 908 ἱερῶν
971 850 1280 908 παρεδέξαντο,
1316 843 1424 889 ὥστε
1462 847 1661 889 καὶ’ἐκω-

217 922 509 980 μῳδήθησαν.
568 928 621 966 Et
650 927 691 965 in
722 926 798 965 hac
827 925 991 976 quidem
1020 922 1230 963 comoedia
1250 921 1559 972 Aristophanem
1590 931 1661 970 po-

218 996 415 1035 tissimum
459 995 617 1035 Sabazii
655 994 847 1046 mysteria
883 993 1165 1045 perstrinxisse
1206 995 1373 1042 apparet
1409 1003 1458 1030 ex
1487 991 1556 1029 Fr.
1590 988 1661 1036 ΙΙΙ,

217 1064 292 1104 sed
327 1076 408 1104 una
446 1076 538 1103 cum
584 1064 655 1103 illo
698 1064 818 1103 etiam
861 1063 939 1102 alia
977 1061 1100 1101 foeda
1153 1072 1266 1100 sacra
1301 1059 1527 1110 improbata
1571 1069 1662 1096 esse

218 1132 397 1173 ostendit
426 1132 634 1172 Ciceronis
663 1133 777 1172 locus
807 1132 874 1182 qui
905 1131 985 1169 huc
1015 1130 1192 1182 pertinet
1221 1129 1272 1167 de
1303 1128 1479 1179 Legibus
1516 1126 1555 1164 11
1587 1124 1662 1163 15:

219 1202 385 1250 „Novos
406 1214 503 1240 vero
535 1201 634 1240 deos
664 1205 705 1240 et
733 1201 774 1239 in
805 1200 868 1239 his
892 1199 1072 1238 colendis
1096 1201 1311 1237 nocturnas
1334 1195 1663 1248 pervigilationes

218 1271 277 1310 sic
291 1269 596 1322 Aristophanes,
625 1268 896 1309 facetissimus
924 1272 1045 1320 poeta
1079 1268 1228 1307 veteris
1254 1266 1504 1313 comoediae,
1533 1266 1662 1311 vexat,

218 1342 265 1379 ut
292 1338 399 1391 apud
430 1350 523 1378 eum
553 1338 750 1378 Subazius
788 1341 828 1376 et
861 1337 1021 1388 qnidam
1061 1336 1129 1375 alii
1165 1336 1218 1375 dii
1257 1334 1464 1387 peregrini
1499 1331 1665 1371 iudicati

221 1420 246 1448 e
273 1407 434 1446 civitate
464 1406 714 1447 eiiciantur.”
771 1407 930 1447 Sabazii
969 1410 1103 1445 antem
1142 1417 1275 1452 sacra,
1314 1404 1365 1443 de
1396 1402 1541 1454 quibus
1567 1400 1665 1439 alias

221 1475 349 1517 dicam
393 1475 531 1527 plura,
568 1487 697 1527 prope
736 1476 985 1515 accedebant
1019 1474 1069 1513 ad
1110 1473 1287 1524 Phrygia
1324 1471 1537 1523 mysteria,
1584 1468 1664 1508 vid.

221 1543 467 1584 lamblichus
495 1545 546 1583 de
575 1545 780 1596 mysteriis
807 1545 867 1583 111
898 1545 972 1583 10:
1015 1539 1112 1581 Τῶν
1142 1535 1436 1594 Κορυβάντων
1474 1550 1662 1592 φρουρη-

221 1609 315 1662 τ,ική
346 1626 436 1659 πως
464 1608 490 1661 ἡ
522 1607 705 1664 δύναμις
733 1612 805 1652 καὶ
835 1608 1134 1659 ἐπιτελεστική,
1174 1609 1252 1649 τοῦ
1278 1606 1502 1661 Σαβαζίου
1532 1605 1576 1646 δὲ
1606 1600 1664 1652 εἰς

223 1677 425 1734 βακχείας
468 1679 540 1720 καὶ
596 1677 923 1734 ἀποκαθάρσεις
969 1677 1121 1733 ψυχῶν
1157 1679 1229 1718 καὶ
1276 1675 1415 1725 λύσεις
1463 1672 1662 1716 παλαιῶν

220 1750 476 1803 μηνιμάτων
511 1745 754 1790 οἰκειότατα
800 1745 1158 1804 παρεσκεύασται.
1225 1749 1307 1789 Sed
1345 1753 1390 1788 ut
1426 1747 1664 1787 foeditatem

224 1823 266 1860 et
301 1820 550 1872 impietatem
589 1822 708 1860 istam
757 1821 978 1860 clarissime
1024 1820 1267 1867 illustraret,
1318 1817 1500 1857 exhibuit
1544 1818 1666 1868 poeta

222 1900 346 1929 unum
378 1890 554 1940 aliquem
586 1902 633 1929 ex
663 1890 835 1940 antiquis
865 1890 959 1938 diis,
1001 1893 1046 1928 ut
1076 1887 1245 1927 coniicio
1278 1887 1524 1934 Minervam,
1560 1895 1664 1935 quae

224 1958 389 2008 quidem
434 1957 509 1997 dea
544 1959 721 2010 graviter
756 1959 916 1998 videtur
953 1970 1045 1997 cum
1085 1957 1253 1997 sabazio
1300 1954 1545 2007 litigavisse‚
1583 1951 1664 1991 vid.

224 2026 294 2066 Fr.
326 2026 356 2065 Ι.
413 2028 466 2067 At
495 2027 590 2066 vicit
618 2028 763 2066 melior
792 2040 940 2075 causa,
980 2031 1022 2065 et
1051 2026 1254 2077 peregrini
1283 2025 1342 2063 illi
1371 2028 1413 2062 et
1442 2021 1582 2061 novitii
1610 2020 1665 2062 dii

224 2107 249 2134 a
275 2086 475 2134 iudicibus
505 2096 759 2135 condemnati
798 2109 821 2134 e
852 2095 1013 2133 civitate
1051 2094 1290 2141 efficiuntur,
1328 2091 1407 2131 vid.
1438 2091 1582 2130 Cicero
1613 2090 1664 2128 de

225 2162 324 2214 Leg.
354 2163 381 2202 Ι.
410 2163 453 2211 L,
491 2169 532 2203 et
562 2164 658 2204 diris
688 2176 849 2215 quoque
878 2164 1122 2211 devovetur,
1151 2161 1232 2200 vid.
1261 2162 1330 2200 Fr.
1360 2160 1472 2201 V111.
1530 2159 1663 2198 Horas

223 2234 358 2270 autem
388 2231 494 2274 hanc
519 2232 697 2272 fabulam
726 2233 944 2285 appellavit
973 2236 1107 2284 poeta,
1137 2235 1181 2269 ut
1211 2229 1405 2277 coniicio,
1434 2231 1663 2280 propterea,

224 2300 414 2351 quoniam
457 2301 532 2340 has
576 2301 672 2341 deas
715 2302 882 2341 comite·
922 2302 1131 2340 Minervae
1171 2299 1428 2346 adiunxerat,
1472 2309 1576 2348 quae
1618 2308 1664 2336 se

224 2368 542 2410 Atheniensibus
580 2371 775 2422 plurimas
818 2371 1084 2410 amoenitates
1123 2352 1510 2417 commoditatesllue
1547 2377 1664 2417 prae-

225 2437 376 2477 stitisse
404 2439 635 2487 confitetur‚
665 2439 744 2479 vid.
775 2440 843 2479 Fr.
869 2439 897 2478 Ι.
955 2439 1014 2478 De
1044 2442 1242 2488 tempore,
1271 2449 1351 2487 quo
1380 2435 1518 2474 fabula
1546 2435 1665 2473 docta

225 2505 299 2553 sit,
337 2506 438 2546 nihil
477 2512 657 2547 constat:
699 2513 739 2547 at
767 2513 879 2547 certo
918 2507 1058 2546 incidit
1097 2508 1136 2546 in
1168 2506 1269 2544 illnd
1299 2509 1458 2556 tempus
1486 2514 1564 2554 quo
1594 2513 1662 2540 co-

223 2574 409 2614 moediae
437 2577 600 2616 licentia
630 2577 806 2616 nondum
837 2575 914 2615 fuit
945 2576 1143 2623 coercita,
1181 2576 1317 2624 itaque
1353 2574 1402 2612 ad
1441 2569 1661 2611 secundam

223 2641 380 2693 potius,
417 2656 535 2695 quam
572 2645 623 2686 ad
663 2647 821 2686 tertiam
861 2646 1030 2685 classem
1070 2657 1157 2685 eam
1199 2643 1395 2683 debebam
1437 2651 1559 2692 supra
1596 2651 1661 2679 re-

220 2709 345 2751 ferre.
