1716 3164
635 203 680 246 Φ
689 201 990 247 ΟΙΝΙΣΣΑΙ.
1413 204 1526 247 11θῖ

737 319 828 362 XV.

161 410 330 452 Suidas:
367 409 470 458 Τοῖς
495 405 815 464 Ἱπποκράτους
845 408 1011 450 υἱέσιν·
1041 436 1097 444 —-
1128 399 1253 450 οὗτοι
1281 404 1340 456 ὥς
1370 402 1522 459 ὑώδεις

49 481 161 529 τινὲς
189 482 263 521 καὶ
294 478 555 522 ἀπαίδευτοι
585 478 919 537 ἐκωμῳδοῦντο·
950 479 1024 520 καὶ
1056 477 1152 534 τάχ’
1186 474 1242 519 ἂν
1271 468 1388 530 ἦσαν
1418 493 1522 536 προ·

48 549 235 607 κέφαλοι
266 565 388 604 τινες,
419 547 476 600 ὠς
505 551 552 592 ἐν
581 551 792 606 Ιὲωργοῖς
822 551 936 607 ᾳησὶ
965 550 1040 591 καὶ
1069 549 1117 590 ἐν
1152 547 1413 607 Τριφάλητι.

492 829 1071 874 ΦΟΙΝΙΣΣΑΙ.

164 968 411 1010 Phoenissas
442 980 522 1007 non
555 980 604 1007 eo
636 967 807 1007 consilio
837 968 887 1007 ab
903 966 1178 1019 Aristophane
1209 966 1384 1025 scriptas
1416 979 1524 1016 esse,

48 1043 94 1080 ut
130 1040 342 1093 Euripidis
382 1039 631 1079 ceiebratam
672 1039 783 1077 illam
825 1038 1007 1078 fabulam
1047 1037 1280 1086 derideret,
1324 1037 1365 1076 id
1412 1039 1522 1090 quod

46 1111 283 1152 Dindorfius
313 1111 517 1163 opinatur,
548 1109 646 1148 satis
675 1109 903 1162 intelliget,
945 1108 1014 1161 qui
1050 1108 1134 1148 vim
1165 1111 1207 1147 et
1236 1111 1423 1149 naturam
1454 1123 1524 1150 co-

44 1183 175 1223 micae
205 1183 302 1222 artis
332 1180 608 1234 perspexerit,
646 1181 896 1234 saepiusque
933 1180 1012 1220 iam
1042 1179 1155 1219 hunc
1185 1192 1370 1220 errorem
1402 1181 1524 1221 casti-

45 1254 251 1306 gavimus:
307 1265 449 1292 verum
491 1251 531 1291 in
581 1251 796 1292 fabulosae
845 1251 1088 1291 comoediae
1131 1251 1385 1291 obscuritate
1429 1252 1523 1292 fieri

47 1325 293 1377 plerumque
323 1323 485 1375 nequit,
516 1326 563 1362 ut
592 1322 688 1374 quid
720 1322 978 1375 potissimum
1009 1325 1134 1375 poeta
1165 1323 1426 1374 spectaverit,
1457 1336 1523 1364 ae-

46 1407 290 1447 sequamur:
329 1395 372 1433 id
404 1394 512 1446 quod
542 1394 584 1433 in
616 1394 721 1432 hanc
751 1406 916 1446 quoque
954 1393 1236 1442 comoediam,
1279 1393 1395 1434 cuius
1425 1407 1522 1447 per-

45 1478 203 1519 paucae
232 1465 433 1517 reliquiae
464 1468 645 1513 exstant,
679 1465 799 1504 cadit.
859 1466 914 1505 At
942 1463 1046 1503 illud
1076 1468 1247 1516 apparet
1277 1464 1522 1518 Aristopha-

45 1549 139 1576 nem
179 1533 352 1575 eandem
383 1535 618 1584 materiem,
659 1547 781 1587 quam
811 1534 1036 1586 Euripides
1075 1535 1116 1574 in
1149 1536 1396 1587 cognomine
1437 1541 1521 1576 tra-

44 1607 192 1660 goedia
231 1607 491 1654 tractavisse,
528 1612 850 1646 consentaneum
887 1606 1013 1659 igitur
1050 1605 1253 1645 comicum
1292 1611 1456 1658 poetam
1496 1619 1522 1647 a

46 1678 202 1730 tragico
234 1678 353 1730 plura
391 1683 619 1717 mutuatum
659 1690 751 1717 esse
792 1689 953 1730 suoque
992 1677 1204 1730 proposito
1236 1678 1522 1719 accommoda-

45 1748 177 1788 visse:
208 1748 288 1788 vid.
319 1749 487 1801 Fragm.
508 1748 560 1788 11.
621 1749 705 1788 Iam
737 1761 835 1788 vero
866 1748 1078 1802 Euripidis
1110 1747 1363 1788 Phoenissae
1395 1761 1522 1800 quum

45 1819 154 1858 circa
171 1819 334 1871 Olymp.
353 1819 490 1858 XClll
520 1820 678 1860 initium
709 1820 855 1860 doctae
888 1833 980 1861 esse
1009 1819 1228 1860 videantur
1258 1818 1360 1867 (vid.
1388 1820 1520 1861 schol.

46 1889 196 1930 Ranar.
227 1889 303 1929 53:
343 1885 426 1928 Διὰ
466 1887 508 1927 τί
546 1886 608 1942 μὴ
646 1885 754 1928 ἄλλο
793 1903 836 1930 τι
865 1901 952 1929 των
983 1885 1065 1944 πρὸ
1095 1884 1248 1941 ὀλίγου
1278 1886 1521 1943 διδαχθέν·

45 1970 133 1997 των
161 1958 234 1998 καὶ
274 1954 756 2012 xalwv,‘Y1pcn13an‚
799 1958 1145 2010 Φοινισσῶν,
1183 1954 1452 2013 Ἀντιόπης,·
1490 1957 1518 2011 ἡ

42 2025 124 2083 γὰρ
148 1992 440 2108 Ἀνδρομέδα
461 2026 602 2087 623619
640 2027 725 2070 ἔτει
754 2029 992 2087 προῆκται,
1032 2028 1180 2080 ἑπέιδή
1211 2025 1264 2070 οὐ
1295 2043 1521 2086 συκοφαν-

43 2100 120 2140 τέα
146 2089 204 2150 ἦν
234 2099 431 2142 τοιαῦτα.
492 2104 604 2156 atqui
635 2103 773 2144 Ranas
804 2103 1104 2159 Aristophanes
1134 2103 1274 2142 docuit
1303 2102 1440 2144 xcul
1470 2104 1519 2154 3)

43 2172 330 2225 Aristophanis
361 2174 612 2215 Phoenissae
653 2188 734 2216 non
773 2180 868 2216 ante
899 2175 1062 2229 Olymp.
1093 2174 1231 2215 xcnl
1273 2174 1413 2214 doceri
1443 2187 1519 2227 po-

43 2245 171 2291 tuisse
201 2251 387 2296 apertum
421 2250 495 2285 est.

262 2438 340 2491 Ἐς
375 2435 563 2481 Οἰδίπου
594 2441 639 2482 δὲ
670 2443 813 2495 name,
845 2441 1038 2500 διπτύχω
1067 2442 1193 2501 κόρω,

260 2523 406 2581 ”Akme
432 2524 698 2583 κατέσκηψ’,
728 2526 769 2577 ἔς
801 2543 843 2569 τε
874 2527 1132 2586 μονομάχου
1161 2527 1303 2582 πάλης

267 2607 418 2665 ἀγῶνα
448 2609 528 2651 νῦν
557 2608 748 2656 ἑστᾶσιν.

153 2725 391 2766 Athenaeus
424 2726 480 2767 lv
517 2739 557 2778 p.
590 2726 672 2766 154
703 2728 761 2767 E:
794 2718 890 2766 Ὅτι
926 2724 972 2766 ὁὲ
1007 2722 1192 2780 ἀρχαῖον
1228 2717 1283 2778 ἦν
1323 2725 1375 2768 τὸ
1413 2729 1511 2784 περὶ

44 2789 143 2840 τοὺς
179 2791 456 2850 μονομάχους
493 2790 827 2851 Ἀριστοφάνης
856 2795 1024 2852 εἴρηκεν
1060 2798 1107 2838 ἐν
1140 2797 1406 2848 Φοινίσσαις
1435 2793 1510 2840 οὕ-
