1716 3164
573 128 934 172 AuisToPuAN
942 127 1023 171 Es.
1457 128 1540 170 9⁰7

68 247 250 293 nuntium
279 257 362 288 non
393 245 482 285 crat
511 247 626 284 certa
656 248 770 284 netas
801 244 841 293 ⁸)
878 242 935 282 lta
965 241 1096 282 multo
1126 240 1261 283 minus
1291 243 1436 294 poetas
1466 253 1541 282 an-

71 331 217 361 norum
248 316 449 371 gravitate
480 315 770 355 aestimabant:
803 326 879 352 nec
908 313 1137 366 comparari
1170 315 1307 365 potest
1336 311 1388 352 ad
1417 311 1539 352 scho-

71 390 283 430 liastarum
322 385 607 428 auctoritatem
648 383 888 424 firmandam
932 383 1003 422 illa
1040 383 1131 431 lex,
1174 395 1254 435 qua
1291 382 1361 435 qui
1400 382 1539 423 choris

65 465 226 501 sumtus
274 456 614 511 suppeditabant,
662 466 812 494 annum
854 453 1060 493 dehebant
1096 466 1222 506 agere
1272 453 1539 506 quadragesi-

64 543 203 579 mum,
234 529 349 568 cuius
380 528 484 579 legis
513 526 638 578 longe
669 525 830 564 diversa
861 522 940 563 fuit
970 524 1074 563 ratio
1107 529 1149 563 et
1180 523 1420 572 consilium,
1457 524 1539 565 vid.

69 601 264 643 Aeschin.
301 600 342 640 in
374 596 638 639 Timarchum
676 594 698 647 ξ
730 595 796 644 12,
838 607 970 646 eaque
1009 595 1165 635 dudum
1205 595 1246 633 in
1289 594 1539 635 oblivionem

70 674 261 719 venerat,
298 669 380 710 vid.
411 680 516 719 qnae
546 665 629 705 dixi
657 666 698 706 in
729 666 960 706 Comment.
991 678 1032 717 p.
1061 665 1116 704 8ss
1146 664 1267 704 infra.
1335 666 1396 705 Ac
1435 677 1539 706 nun-

67 753 189 794 quam
223 738 424 780 eiusmodi
454 738 604 790 legem,
635 749 714 789 qua
745 741 958 788 poetarum
989 741 1102 775 netas
1133 736 1255 775 certis
1279 735 1430 776 finibus
1460 737 1540 776 cir-

66 809 430 859 cumscriberetur,
459 808 629 851 Athenis
659 806 862 855 valuisse,
906 806 1141 846 luculenter
1171 806 1396 847 ostendunt
1425 807 1541 859 prin-

63 881 200 933 cipum
236 882 450 933 poetarum
490 878 705 931 exempla,
745 877 947 930 siquidem
979 877 1212 931 Aeschylus
1251 890 1381 917 annos
1419 881 1539 919 natus

62 951 241 1002 quinque
283 954 325 990 et
370 949 535 1003 viginti,
582 948 812 1002 Sophocles
863 960 1015 987 annum
1063 961 1193 1000 agens
1240 948 1540 989 duodetricesi-

61 1032 188 1070 mum,
207 1020 428 1074 Euripides
450 1020 593 1073 quinto
631 1023 674 1059 et
703 1019 898 1059 vicesimo
929 1018 1078 1059 aetatis
1107 1029 1214 1060 auno
1246 1018 1423 1071 primum
1455 1023 1541 1059 tra-

61 1090 230 1143 goedias
262 1091 570 1131 commiserunt.

174 1163 234 1202 Ut
260 1161 387 1214 igitur
414 1161 494 1201 ista
523 1161 590 1201 lex
619 1160 733 1201 nulla
762 1158 911 1208 fuerit,
954 1163 1089 1200 tamen
1130 1159 1195 1200 vel
1226 1160 1324 1201 illae
1358 1159 1540 1201 difficul-

64 1233 185 1281 tates,
215 1244 316 1283 quas
347 1231 443 1280 dixi,
464 1234 656 1284 poterant
684 1231 876 1270 iuvenem
907 1235 1072 1283 poetam
1104 1244 1127 1271 a
1156 1231 1368 1284 proposito
1400 1231 1540 1272 deter-

60 1313 169 1352 rere,
199 1303 458 1354 maximeque
487 1302 522 1342 si
553 1302 644 1354 quis
674 1300 929 1341 comoediam
951 1300 1153 1341 docturus
1185 1306 1298 1341 erat:
1329 1315 1423 1342 nam
1453 1315 1541 1342 ma-

60 1383 187 1425 gnum
218 1385 318 1412 sane
348 1371 528 1422 facinus,
566 1370 778 1413 hominem
819 1371 1174 1412 adolescentulum
1208 1384 1346 1412 coram
1378 1373 1539 1414 civibus

61 1443 331 1483 nobilissimis
373 1443 744 1495 eruditissimisque
773 1441 1004 1483 universam
1034 1442 1333 1494 rempublicam
1364 1444 1442 1484 sub
1472 1444 1538 1485 iu-

63 1513 217 1554 dicium
255 1526 417 1554 vocare.
466 1515 521 1554 Et
559 1513 858 1567 Aristophanes
888 1525 1054 1566 quoque
1082 1513 1216 1553 libere
1263 1512 1419 1554 fatetur
1458 1516 1540 1556 hoc

62 1583 196 1636 ipsum
228 1584 307 1623 sibi
337 1584 569 1634 obstitisse,
603 1585 819 1637 quominus
850 1584 1046 1624 continuo
1077 1585 1168 1637 ipse
1199 1584 1381 1626 fabulam
1414 1586 1539 1629 doce-

61 1659 148 1694 ret:
179 1654 524 1706 quemadmodum
557 1655 656 1696 dicit
685 1655 727 1697 in
761 1654 954 1695 Parahasi
984 1655 1180 1706 Equitum
1214 1668 1250 1696 v.
1281 1656 1387 1697 514:

902 1722 1026 1774 Φησὶ
1055 1721 1139 1779 γὰρ
1167 1721 1279 1778 ἀνὴρ

120 1786 215 1845 οὐχ
253 1788 341 1833 ὑπ’
373 1789 570 1843 ἀνοία-ς
610 1792 739 1834 τοῦτο
771 1791 1013 1842 πεπονθώς
1044 1793 1396 1849 διατρίβειν,
1426 1794 1538 1838 ἀλλὰ

850 1863 1039 1917 νομίζων

116 1930 748 1989 κωμῳδοδιδασκαλίαν
795 1924 947 1977 εἶναι
995 1927 1397 1989 χαλεπώτατον
1451 1935 1538 1995 ἔρ-

846 2020 940 2061 γον
971 2002 1246 2048 ἁπάντων.

63 2094 329 2110 *—

152 2184 185 2229 ‘)
207 2186 294 2219 Illud
319 2195 474 2230 quoqne,
506 2188 597 2230 qnod
636 2189 680 2223 de
713 2189 932 2224 comitiorum
965 2190 1088 2226 ordine
1120 2194 1156 2225 et
1186 2192 1264 2234 lege
1289 2189 1463 2225 disserunt
1482 2190 1539 2226 isti

64 2246 301 2288 grammatici,
325 2246 449 2279 falsum
475 2253 508 2281 et
533 2250 791 2284 ommenticium
815 2254 887 2284 est:
909 2252 1025 2293 arguit
1048 2252 1115 2286 hoc
1137 2256 1281 2297 praeter
1304 2251 1391 2284 alios
1414 2253 1539 2286 Xeno‘-

65 2302 158 2346 phon
181 2305 330 2338 Memor.
354 2306 398 2338 111
423 2306 465 2339 6:
500 2304 691 2340 Γλαύκωνα
720 2310 756 2343 δὲ
786 2309 849 2343 τὸν
870 2306 1109 2355 ”Αρίστωνος,
1142 2307 1199 2344 ὅτ’
1230 2312 1392 2357 ἐπεχείρει
1424 2312 1538 2358 δημη-

62 2367 179 2406 γορεῖν
205 2366 390 2407 ἐπιθυμῶν
413 2365 659 2409 προστατεύειν
683 2370 744 2411 τῆς
768 2368 922 2413 πόλεως,
955 2368 1092 2405 οῖ’δέπω
1126 2374 1255 2406 εἴκοσιν
1285 2373 1343 2414 ἔτη
1376 2370 1537 2417 γεγονώς,

63 2422 104 2455 ὃν
127 2419 197 2456 τῶν
222 2419 334 2457 ἄλλων
359 2425 494 2458 οἰκείων
526 2438 564 2459 τι
588 2428 646 2460 καὶ
671 2429 780 2471 φίλων
804 2425 919 2467 οὐδεὶς
950 2427 1107 2474 ἠδύνατο
1129 2435 1263 2466 παῦσαι
1294 2430 1478 2477 ἑλκόμενόν
1499 2448 1536 2468 τε

62 2480 132 2516 ἀπὸ
156 2485 220 2516 τοῦ
243 2481 402 2528 βήματος
426 2485 482 2518 καὶ
506 2487 760 2532 καταγέλαστον
783 2485 880 2531 ὄντα,
906 2490 1093 2536 Σωκράτης
1118 2492 1154 2526 δὲ
1177 2510 1223 2516 -
1246 2489 1355 2536 μόνος
1379 2495 1536 2530 ἔπαυσεν.

64 2544 109 2577 At
135 2544 287 2578 ostendit
311 2543 368 2578 hic
393 2544 468 2589 ipse
493 2547 607 2588 locus,
632 2546 666 2580 id
691 2549 783 2592 quod
808 2556 1073 2588 consentaneum
1102 2556 1175 2595 est,
1200 2553 1535 2590 adolescentulorum

65 2603 223 2646 exiguam
250 2605 284 2639 in
309 2605 533 2640 concionibus
557 2606 662 2642 fuisse
686 2610 943 2655 auctoritatem,
974 2612 1216 2659 sapienterque
1247 2614 1378 2659 antiqui
1399 2619 1534 2650 statueq

67 2668 156 2706 runt,
180 2669 217 2698 nt
241 2665 298 2710 qui
324 2671 437 2700 aetate
462 2672 599 2702 ceteros
622 2676 847 2715 superarent,
871 2674 967 2718 prius
991 2676 1097 2711 verba
1121 2675 1276 2711 facerent
1297 2687 1397 2723 quam
1422 2681 1534 2714 aetate

68 2723 227 2768 minores,
251 2726 317 2763 vid,
342 2728 505 2765 Aeschin,
530 2728 565 2764 in
590 2730 745 2776 Ctesiph.
769 2733 789 2775 §
815 2735 849 2770 2.
