1716 3164
187 236 262 278 καὶ
291 234 532 291 ἀτέραμνον
560 233 610 275 τὸ
641 235 904 288 ὃνσὲψανον.
964 231 1098 284 οὕτως
1134 232 1336 281 Πλάτων.
1393 243 1456 283 Ad
1494 242 1628 295 philo-

186 128 269 168 696
777 127 1052 169 PLATONIS
1674 0 1709 145 ξ

190 307 363 360 sophum
393 308 601 358 pertinere
630 308 801 348 videtur.
858 308 908 350 V.
937 307 1205 348 Ruhnkenius
1235 310 1286 350 ad
1317 311 1422 351 Tim.
1455 312 1549 353 150.
1691 140 1712 368 λ

846 432 990 471 LXXI.

306 514 486 553 Zonaras
517 513 615 553 Lex.
646 527 685 565 p.
716 515 838 555 1334.
880 511 1101 554 Μανόν;
1134 508 1302 568 ἀραιόν.
1343 513 1532 570 βραχέως
1561 516 1630 557 λέ-
1699 488 1716 539 ἓ

188 593 327 634 γουσι.
391 578 670 631 Τηλεκλείδης
707 578 803 621 ἀντὶ
832 581 908 622 τοῦ
936 578 1119 637 ἀκριβές.
1177 609 1230 616 —-
1287 581 1478 624 Πλάτων
1522 587 1632 626 Καὶ

191 649 371 690 ταῦτα
400 647 635 704 μανάκις
665 650 752 701 τῆς
782 647 1002 706 ἡμέρας.
1048 648 1145 691 ἀντὶ
1175 652 1253 692 τοῦ
1281 653 1492 708 μυριάκις.
1549 658 1631 697 Pro

190 716 388 775 μυριάκις
415 722 634 773 legendum
665 723 827 762 videtur
857 718 1079 776 παυράκις.
1135 724 1382 775 Hesychius,
1414 720 1636 772 Mavcimg:

191 785 399 842 ὀλιγάκις,
431 785 635 836 σπανίως.
709 791 820 830 Inter
849 789 987 830 ταῦτα
1018 796 1059 832 et
1085 788 1269 845 μανάκις
1297 795 1448 845 aliquid
1478 796 1638 844 excidit,

193 873 232 900 v.
262 872 297 899 c.
327 858 487 910 μέντοι.
548 859 609 899 De
638 873 827 901 mensura
856 862 966 902 vocis
994 858 1134 914 μανός
1163 863 1316 903 dictum
1345 868 1407 904 est
1436 876 1558 916 supra
1587 864 1637 904 ad
1701 869 1704 873 “

199 929 422 969 Teleclidis
451 928 533 969 fab.
563 930 641 969 inc.
671 931 766 970 379.

306 1138 384 1178 His
427 1137 508 1177 duo
541 1137 781 1190 subiungam
808 1138 1060 1191 fragmenta,
1100 1151 1204 1191 quae
1233 1153 1312 1180 non
1342 1143 1455 1180 recte
1482 1139 1643 1181 Platoni
1706 1113 1716 1179 ³!

196 1207 385 1247 videntur
413 1207 549 1247 tribui.
609 1207 836 1247 Scholiasta
865 1209 1140 1260 Hermogenis
1170 1210 1276 1261 apud
1292 1210 1489 1251 Walzium
1518 1210 1643 1251 Rhet.

171 1277 276 1318 ·vol.
305 1277 343 1319 V
371 1290 412 1330 p.
441 1276 546 1316 441:
577 1270 769 1315 Πλάτων
797 1289 839 1315 τε
869 1271 952 1331 γάρ
981 1289 1092 1330 φησι

423 1343 520 1384 Τῶν
547 1342 630 1398 γὰρ
658 1340 803 1385 πόνων
832 1343 1055 1385 πωλοῦσιν
1076 1340 1180 1398 ἡμῖν
1208 1344 1250 1385 οἱ
1278 1344 1382 1386 θεοὶ

214 1458 217 1460 μ
416 1410 612 1466 τάγαθά,
1708 1430 1716 1471 '3

200 1482 276 1524 καὶ
303 1481 535 1538 Σοφοκλῆς
563 1478 712 1530 Πόνος
740 1479 821 1537 γὰρ
851 1478 907 1530 ὠς
937 1480 1135 1534 λέγουσιν
1163 1478 1351 1530 εὐκλείας
1379 1477 1536 1537 πατήρ.
1569 1483 1648 1535 Qui
1708 1479 1716 1503 ἶ

203 1558 251 1595 ut
278 1555 330 1594 de
360 1555 579 1606 Sophoclis
608 1566 730 1594 versu
761 1566 899 1593 errare
928 1552 1089 1592 videtur
1131 1579 1184 1585 --
1220 1554 1410 1606 Euripidi
1440 1553 1546 1593 enim
1574 1553 1648 1591 tri·
1714 1591 1716 1593 .

199 1623 340 1663 buitur
380 1637 403 1662 a
441 1624 619 1663 Stobaeo
657 1647 712 1654 ——
749 1623 806 1661 ita
847 1636 898 1662 ne
934 1623 1047 1674 prior
1084 1622 1247 1673 quidem
1284 1635 1426 1663 versus
1465 1621 1648 1662 Platonis

201 1704 295 1732 esse
337 1693 512 1732 videtur.
580 1691 811 1744 Xenophon
842 1691 1006 1743 quidem
1035 1690 1280 1743 Epicharmo
1311 1692 1454 1732 tribuit
1483 1691 1649 1731 nobilis-

201 1762 349 1802 simum
378 1762 488 1801 hunc
518 1773 703 1800 versum:

290 1828 387 1869 Τῶν
417 1826 563 1870 πόνων
593 1826 813 1868 πωλοῦσιν
842 1823 945 1880 ἡμῖν
974 1822 1117 1867 πάντα
1147 1822 1317 1878 τάγάθ’
1350 1826 1393 1867 οἱ
1422 1824 1538 1876 θεοί,

204 1900 436 1942 Memorab.
457 1899 493 1938 11
525 1899 547 1937 1
580 1900 647 1947 20,
674 1899 744 1937 ubi
763 1899 1010 1937 consulenda
1040 1898 1270 1937 doctissima
1288 1899 1490 1937 annotatio
1508 1896 1651 1937 Ruhn-

207 1970 332 2010 kenii.
405 1970 590 2009 Alterum
639 1968 749 2019 quod
801 1968 983 2008 dicebam
1028 1967 1302 2019 fragmentum
1345 1968 1496 2020 legitur
1543 1966 1651 2019 apud

203 2038 385 2091 Etymol.
415 2039 474 2078 M.
504 2051 545 2090 p.
576 2038 657 2077 389
688 2038 771 2076 38:
806 2033 889 2075 Διά
926 2033 1008 2089 γάρ
1044 2035 1119 2074 καὶ
1148 2032 1224 2074 τὸν
1253 2032 1358 2090 ἀέρα
1387 2035 1498 2090 φησὶ
1527 2031 1652 2074 Πλά-

207 2119 295 2147 των
324 2103 347 2146 ὁ
377 2103 561 2158 κωμικός

493 2171 606 2227 Ἀήρ
636 2168 687 2213 ὃν
716 2170 773 2212 ἄν
802 2186 864 2220 τις
894 2167 1117 2226 ὀνομάσειε
1148 2172 1222 2213 καὶ
1251 2169 1347 2213 Δία.

205 2248 330 2300 Atqui
369 2245 620 2286 Philemonis
658 2245 767 2283 hunc
803 2256 966 2283 versum
1005 2256 1095 2282 esse
1132 2243 1251 2283 docui
1294 2245 1456 2296 Fragm.
1486 2257 1526 2296 p.
1557 2242 1653 2291 392,

204 2318 283 2357 nisi
311 2316 420 2356 forte
450 2315 733 2354 Philemonem
770 2325 863 2352 eum
893 2326 916 2352 a
947 2313 1117 2352 Platone
1147 2317 1373 2352 mutuatum
1411 2326 1501 2352 esse
1530 2312 1653 2352 dicas.

207 2387 269 2426 De
313 2386 402 2425 aliis
437 2383 674 2436 quibusdam
719 2383 903 2422 versibus
939 2382 1100 2422 Platoni
1144 2383 1298 2421 comico
1339 2383 1389 2421 ab
1427 2382 1652 2433 impostore

209 2456 430 2507 suppositis
470 2453 551 2492 dixi
587 2453 693 2491 Hist.
733 2451 820 2489 crit.
851 2464 890 2501 p.
921 2450 1014 2489 196.
1082 2452 1211 2501 Quem
1242 2451 1407 2490 Grotius
1443 2451 1657 2501 Excerptis

210 2538 252 2577 p.
283 2525 364 2563 486
393 2528 582 2574 tanquam
613 2520 792 2560 Platonis
821 2518 940 2557 affert
969 2531 1152 2568 versum,
1181 2513 1207 2566 ἡ
1238 2515 1288 2556 δ’
1317 2514 1452 2567 ἡδονὴ
1482 2513 1658 2557 πάντων

213 2588 575 2641 ἀλαζονέσΐατον,
606 2591 692 2629 eius
722 2589 861 2628 sedem
890 2587 1083 2638 indagare
1113 2588 1211 2627 mihi
1240 2601 1322 2629 non
1350 2588 1478 2628 licuit.
1535 2588 1657 2627 Deni-

221 2675 317 2715 que,
360 2661 518 2702 utnihil
557 2659 665 2710 quod
710 2658 761 2697 ad
808 2657 1033 2714 Platonem*
1066 2658 1270 2709 pertineat
1313 2658 1528 2706 omittam,
1573 2657 1658 2710 epi-
