1716 3164
222 206 331 248 1⁰28
733 200 1140 244 ARISTOPHANJS

230 318 403 371 plianem
433 313 554 354 etiam
583 311 734 353 dixisse
762 311 804 352 in
834 312 976 352 eadem
1004 312 1142 367 fabuls
1171 307 1308 365 ἄγγη
1335 312 1570 370 μυρηρά,
1611 321 1674 360 vel

225 391 272 425 ut
288 385 562 435 Falkenburg.
601 382 670 421 alii
698 376 1124 435 οοᾱᾱ.μυροφορικά;
1156 386 1197 421 et
1224 382 1398 423 fortasse
1427 386 1549 426 etiam
1576 401 1608 439 μ
1626 402 1671 427 υ-

225 465 432 507 ροφορε
448 452 550 500 ἴον,
589 451 649 490 sic
687 455 798 490 certe
834 451 1091 490 scribendum
1131 455 1192 490 est
1221 465 1293 503 pro
1322 450 1573 508 μυροφόρον
1603 459 1669 496 vel

219 521 496 575 μυροφορεῖν,
527 524 572 560 ut
601 520 695 558 libri
727 519 930 558 exhibent.
987 518 1168 569 Respicit
1198 521 1372 561 eundem
1398 523 1507 562 hunc
1535 525 1669 566 locum

222 591 298 633 vll
331 593 433 631 177:
483 586 751 642 μυροπωλεῖν
788 583 835 625 δ’
878 582 1200 640 Ἀριστοφάνης
1239 584 1343 641 ἔφη,
1381 587 1668 644 μυροπώλιον,

222 655 362 712 μύρου
389 653 681 709 ἀλάβαστρον,
711 651 901 709 μυρίδα,
939 651 1109 710 μυρηρὰ
1139 653 1355 706 ληκυθος,
1393 654 1671 714 ἀλαβαστρο-

221 727 379 777 θῆκαι,
423 732 464 767 et
494 728 663 768 deinde:
704 722 913 765 σπαθίδα
942 722 988 763 δὲ
1017 721 1097 773 τὴν
1125 726 1395 780 καθιεμένην
1423 723 1481 776 εἰς
1510 727 1559 769 τὸ
1587 727 1668 783 my-

217 809 295 851 ρον
322 791 650 849 Ἀριστοφάνης
679 791 762 848 ἔφη
792 793 838 833 ἐν
865 791 1139 845 Δαιταλεῦσι,
1172 801 1214 835 et
1244 797 1412 838 Photius
1441 813 1480 851 p.
1500 799 1585 839 529
1615 803 1668 840 6:

215 864 436 906 Σπαθὶδα
465 862 545 913 τὴν
574 862 660 903 τῶν
687 861 895 918 μυρεψῶν
924 858 1124 915 σπάθηνῖ
1188 865 1319 905 Recte
1358 873 1493 908 autem
1538 871 1668 910 Brun,
1697 905 1699 908 7

217 938 305 976 kius
354 929 588 974 κατελάσαι
637 935 818 986 scripsit,
872 932 964 971 libri
1005 927 1245 979 κατελάσας
1283 936 1347 974 vel
1381 934 1667 985 καθελεύσας.

216 1006 430 1046 Sententia
459 1005 534 1043 ista
564 1006 626 1042 est
660 1001 924 1050 conformata,
954 1005 1000 1040 ut
1028 1002 1068 1040 in
1098 1002 1282 1042 Nubibus
1311 1016 1350 1043 v,
1380 1006 1483 1044 63⁰:
1513 999 1668 1054 “οστις

221 1066 568 1124 σκαλαθυρματ’
611 1065 721 1108 ἄττα
759 1066 891 1122 μικρὰ
928 1064 1177 1121 μανθάνων
1210 1067 1349 1110 Ταῦτ’
1388 1071 1666 1124 ἐπιλέλησται

226 1143 329 1197 πρὶν
365 1140 553 1195 μαθεῖν,
595 1143 638 1178 et
671 1140 712 1178 in
743 1139 868 1178 Ranis
897 1151 935 1178 v.
966 1139 1073 1177 165·
1115 1135 1219 1180 Alo
1273 1136 1340 1178 Σὺ
1369 1139 1413 1180 δὲ
1454 1140 1506 1181 τά
1534 1139 1669 1198 στρώ-

220 1208 328 1264 ματ’
361 1200 498 1258 αὖθις
527 1204 734 1261 λάμβανε.
793 1200 884 1250 ΞΑ.
916 1205 1034 1260 Πρὶν
1060 1205 1132 1247 καὶ
1161 1206 1464 1251 καταθέσθαι.

385 1407 505 1465 Ταχὺ
534 1424 613 1451 νυν
639 1406 775 1450 ποτὸν
803 1408 876 1449 καὶ
904 1407 966 1463 μὴ
996 1406 1181 1464 τροπὶαν
1208 1399 1330 1450 οἶνον
1358 1411 1475 1467 ᾳέρε.

328 1523 498 1563 Photius
527 1536 567 1574 p.
599 1523 679 1561 606
709 1522 787 1560 20:
833 1515 1025 1572 Τροπίας
1060 1508 1175 1567 οἶνος
1214 1517 1237 1559 6
1277 1521 1565 1575 τετραμμένος
1593 1524 1667 1565 καὶ

217 1587 466 1641 ἐξεστηκοίς·
494 1586 822 1643 Ἀριστοφάνης
849 1586 1155 1628 Δαιταλεῦσιν·
1188 1588 1307 1642 Ταχὺ
1336 1588 1414 1629 νῦν
1441 1591 1572 1632 πέτου
1600 1594 1668 1633 κοὶ

216 1659 304 1701 κτλ.
372 1663 425 1701 At
461 1673 558 1701 vero
589 1659 735 1700 Suida·
770 1672 809 1699 v.
843 1653 1035 1710 Τροπίας
1071 1647 1187 1704 οἶνος
1225 1654 1250 1697 6
1280 1660 1565 1713 τετραμμένος
1593 1662 1667 1702 καὶ

217 1724 463 1779 ἐξεστηκώς,
500 1726 575 1767 καὶ
611 1722 853 1804 ἑκτροπίας.
907 1721 1234 1780 Ἀριστοφάνης
1271 1726 1550 1769 Δαιταλεῦσι·
1592 1728 1668 1770 τά-

214 1809 349 1851 χυνον
378 1792 514 1836 πότον
542 1793 616 1833 καὶ
644 1809 705 1847 μη
735 1793 823 1835 κτλ.
855 1796 998 1848 Itaque
1027 1797 1169 1849 scripsi
1198 1791 1384 1846 ποτόν,
1415 1799 1528 1839 iubet
1558 1803 1665 1841 enim

216 1880 324 1907 unus
354 1865 532 1906 convivis
561 1864 696 1904 vinum
718 1865 931 1941 potabile,
970 1877 1103 1916 neque
1133 1879 1293 1906 versum
1323 1866 1484 1917 afferri,
1523 1865 1667 1923 ἐκτρο-

217 1932 320 1980 πίας
349 1936 456 1974 enim
477 1922 592 1978 οἶνος
622 1938 686 1974 est
709 1928 881 1980 ἄποτος,
912 1933 991 1973 vid.
1008 1934 1229 1986 Gregorius
1249 1936 1456 1987 Nyssenus
1474 1937 1490 1975 1
1503 1951 1543 1988 p.
1558 1938 1665 1977 3⁰1:

214 1998 347 2042 Αλλ’
379 1996 418 2040 εἰ
452 2002 531 2052 μὲν
564 1999 609 2039 ἐκ
647 1998 902 2050 σεσηπότων
927 1996 955 2050 ὴ
985 1996 1314 2054 ὁμφακιζόντων
1349 2014 1434 2041 των
1471 2001 1667 2058 βοτρύων

217 2068 410 2125 ἀπορρυῇ
439 2066 461 2107 ὁ
492 2058 631 2116 οἶνος,
669 2066 849 2122 τροπίας
877 2067 1014 2122 εὐθυς
1035 2071 1108 2109 καὶ
1137 2066 1298 2117 ἄποτος
1325 2070 1503 2122 γένει-αι.
1563 2075 1662 2114 Per-

220 2142 323 2180 tinet
354 2144 490 2179 autem
521 2138 588 2176 hic
616 2150 757 2177 versus
788 2140 892 2180 sicut
920 2141 964 2190 ii,
993 2141 1062 2192 qui
1091 2141 1318 2192 praegressi
1347 2146 1453 2189 sunt,
1482 2143 1532 2182 ad
1562 2156 1662 2196 epu-

223 2210 362 2248 lonum
393 2206 495 2247 illud
516 2206 766 2251 convivium.

759 2407 1001 2424 11111

331 2521 473 2560 Pollux
502 2521 537 2560 X
570 2522 676 2559 109:
720 2520 811 2560 Καὶ
847 2519 936 2574 μὴν
973 2521 1046 2560 καὶ
1075 2518 1268 2575 ἐπίχυσις
1290 2519 1472 2575 χαλκίον
1499 2516 1548 2561 ἓν
1575 2519 1661 2560 τῶν

218 2584 296 2626 τοῦ
334 2585 542 2640 μαγείρου
577 2586 751 2629 σκευῶν.
815 2585 1147 2643 Ἀριστοφάνης
1191 2589 1236 2630 δὲ
1277 2588 1382 2630 αὐτὸ
1419 2588 1581 2642 εἴρηκεν
1615 2589 1661 2629 ἐν

890 2655 1135 2671 0000

217 2654 520 2695 Δαιταλεῦσιν·
553 2653 641 2695 Οὐκ
675 2653 784 2696 ἀλλὰ
824 2671 960 2698 ταυτα
988 2674 1015 2710 γ
1065 2674 1172 2712 επιχ.
1205 2659 1292 2700 κτλ.
1358 2660 1510 2711 Scripsi
1563 2657 1659 2698 τοῦ..

216 2719 266 2763 τό
295 2737 353 2775 γε.
412 2726 594 2776 Respicit
632 2727 714 2764 huc
751 2727 895 2768 Pollux
931 2740 1052 2779 supra
1082 2730 1119 2769 X
1158 2731 1233 2768 92:
1276 2724 1324 2765 τὸ
1363 2726 1408 2766 δὲ
1448 2724 1589 2779 ὄνομα
1629 2720 1656 2776 ἦ
