1716 3164
673 152 814 198 IIOA
823 152 1011 199 ΥΙΔΟΣ.
1468 156 1582 198 1188

101 270 401 325 Aristophanes
440 283 546 311 novo
578 271 757 323 quodam
788 270 912 311 modo
952 271 994 311 in
1022 269 1152 310 risum
1191 268 1432 318 deflexerit,
1476 281 1582 322 quae

100 343 267 395 quidem
299 354 365 381 res
398 342 494 394 quin
526 342 701 394 aliquam
732 342 983 393 tragicorum
1007 344 1234 393 poetarum,
1266 340 1478 393 Euripidis
1505 352 1582 393 po-

99 414 319 460 tissimum,
350 416 395 451 ut
427 412 623 459 conficio,
654 411 992 463 exagitandorum
1025 411 1263 464 praebuerit
1294 411 1582 463 opportunita-

99 488 209 531 tem,
247 483 425 522 dubitari
457 482 517 520 vix
550 485 709 533 potest:
755 481 828 520 sed
860 481 900 521 in
932 481 1011 520 hac
1042 481 1250 532 Euripidis
1291 481 1479 521 irrisione
1508 494 1582 521 ne-

102 566 307 605 quaquam
348 565 507 593 summa
538 552 664 591 totius
694 551 857 591 fabulae
889 552 1024 603 posita
1053 538 1158 599 fuit,
1197 562 1340 590 verum
1380 551 1449 591 hic
1478 564 1582 603 quo-

101 636 183 675 que
214 624 323 663 sicut
350 623 450 662 atta·
481 626 604 673 poeta
635 622 801 673 antiqua
829 621 900 660 illa
932 621 1041 661 fama
1070 632 1169 661 usus
1200 625 1264 659 est
1305 622 1419 672 quasi
1464 623 1583 662 invo-

102 695 221 734 lucro
254 694 430 746 quodam
463 696 508 731 ut
538 704 638 731 suae
668 693 814 732 aetatis
845 691 1064 732 exhiberet
1093 691 1328 743 imaginem.
1374 693 1479 731 Cum
1508 704 1583 732 au-

101 769 186 803 tem
232 764 364 803 omnis
405 764 477 802 illa
519 762 685 811 fabula,
723 775 828 814 quae
871 767 935 802 est
974 762 1026 801 de
1057 761 1216 801 Glauco
1247 762 1401 802 Minois
1440 763 1528 802 filio
1558 776 1583 804 a

101 835 274 874 mortuis
313 834 478 885 Polyidi
521 833 623 873 vatis
665 846 790 885 opera
829 833 1045 880 restituto,
1081 831 1124 871 in
1161 837 1298 871 vatum
1338 834 1583 874 auctoritate

101 909 311 953 versetur,
359 904 570 943 videbitur
600 903 900 955 Aristophanes
938 902 1113 942 maxime
1148 901 1256 941 hanc
1295 902 1476 944 fabulam
1506 904 1582 943 do-

103 975 252 1023 cuisse,
283 979 336 1014 ut.
359 986 561 1026 augurum
595 975 814 1013 vanitatem
841 973 1053 1024 malasque
1082 977 1192 1011 artes
1224 974 1583 1026 temeritatemque

100 1044 409 1098 superstitionis
448 1045 559 1083 clara
597 1044 637 1084 in
681 1044 776 1083 luce
814 1044 1064 1082 collocaret:
1112 1054 1314 1095 augurum
1358 1050 1472 1085 certe
1509 1058 1583 1085 au-

103 1115 274 1155 ctoritas
305 1127 398 1154 cum
426 1115 601 1154 maxime
631 1114 762 1166 viguit
793 1126 842 1152 eo
884 1118 1095 1165 tempore,
1139 1126 1220 1164 quo
1264 1115 1471 1166 expeditio
1511 1116 1583 1156 illa

102 1186 330 1226 Siciliensis
362 1189 426 1225 est
457 1191 662 1237 suscepta,
693 1184 774 1224 vid.
807 1196 912 1235 quae
944 1183 1027 1222 dixi
1058 1183 1109 1223 ad
1127 1184 1436 1236 Amphiaraum.
1483 1187 1583 1226 Pot-

104 1261 166 1296 est
196 1260 333 1295 tamen
364 1256 480 1304 fieri,
513 1261 556 1294 ut
588 1256 638 1294 ad
668 1255 867 1293 remotius
898 1259 1061 1306 tempus
1092 1254 1316 1295 referenda
1347 1258 1400 1295 sit
1430 1255 1583 1307 fabula,

102 1328 159 1366 ita
190 1331 235 1365 ut
265 1326 315 1365 ad
355 1326 520 1366 tertiam
560 1326 787 1364 dramatum
830 1325 1003 1364 classem
1036 1326 1267 1377 pertineat:
1306 1340 1431 1366 senex
1472 1329 1582 1368 enim

102 1403 226 1450 poeta
265 1397 523 1448 potissimum
565 1396 768 1435 eiusmodi
809 1396 998 1435 tractavit
1040 1402 1296 1449 argumenta.
1359 1398 1442 1437 lam
1483 1412 1583 1439 vero

100 1473 148 1508 ut
179 1468 390 1520 Euripidis
422 1466 560 1506 tabula
593 1467 714 1506 modo
748 1462 949 1511 Γλαῦκος
986 1466 1110 1505 modo
1145 1462 1364 1513 Πολύϊδος
1395 1469 1583 1508 inscribi-

103 1544 192 1587 tur,
232 1539 288 1577 ita
331 1538 453 1576 etiam
486 1538 775 1590 Aristophanis
806 1536 1063 1576 comoediam
1096 1543 1137 1576 et
1166 1538 1246 1576 hoc
1277 1543 1318 1576 et
1348 1538 1419 1576 illo
1451 1539 1583 1579 altero

103 1609 269 1649 nomine
300 1614 575 1660 nuncupatam
609 1622 700 1648 esse
739 1608 1022 1647 existimabam
1066 1613 1108 1646 et
1142 1608 1323 1647 Pollucis
1353 1609 1490 1648 locum
1522 1610 1583 1650 111

104 1680 160 1718 43
223 1679 306 1718 huc
356 1679 632 1717 revocandum
680 1679 930 1718 censebam:
987 1672 1322 1732 Ἀριστοφάνης
1374 1674 1584 1735 Γλαύκῳ·

104 1742 330 1801 Καλύψας
367 1743 652 1802 καλύμματος
692 1744 905 1802 τριβωνίῳ
945 1746 1312 1800 διεπιιρθένευσα.
1384 1752 1438 1790 At
1467 1755 1584 1791 recte

106 1820 253 1872 opinor
292 1821 529 1860 Meinekius
574 1821 838 1873 Antiphanis
897 1831 1046 1859 nomen
1093 1821 1284 1860 restituit.
1368 1821 1584 1861 Notandun

106 1890 256 1930 deinde
275 1891 457 1931 Pollucis
490 1904 620 1941 error,
654 1892 722 1942 qui
741 1893 774 1931 X
806 1891 860 1930 45
878 1890 1407 1943 Thesmophoriazusarum
1424 1905 1460 1931 v.
1479 1892 1583 1932 633:

103 1955 308 2015 Σκάᾳ-ιον
329 1956 508 2002 ’Ξένυλλ’
535 1957 717 2011 ᾔτησεν·
748 1956 798 2002 οὐ
830 1957 912 2016 γὰρ
942 1948 998 2010 ἦν
1029 1955 1147 2013 ἀμίς,
1179 1974 1228 2001 ex
1249 1962 1424 2015 Polyido
1447 1963 1583 2004 affert.

830 2109 861 2149 1.

284 2187 346 2230 Τὸ
376 2188 458 2245 γὰρ
489 2190 742 2249 ([οβεῖσθαι
773 2189 851 2232 τὸν
883 2188 1091 2231 θάνατον
1118 2188 1249 2245 λῆρος
1279 2183 1427 2236 πολύς.

275 2272 429 2314 Πᾶσιν
462 2274 544 2328 γὰρ
573 2271 680 2327 ἡμῖν
710 2272 838 2315 τοῦτ’
874 2272 1099 2330 ὀφείλεται
1130 2274 1313 2314 παθεῖν.

220 2387 422 2430 Stobaeus
454 2388 629 2429 CXVlll
661 2390 714 2427 10
747 2389 825 2429 vol.
860 2389 918 2429 111
951 2402 989 2441 p.
1005 2388 1110 2428 451:
1141 2374 1472 2441 Ἀριστοφάνης
1490 2383 1584 2425 Πο-

106 2454 276 2498 λυΐδου.
336 2459 443 2497 Dicit
474 2458 580 2497 haec
610 2459 749 2498 nescio
780 2460 885 2510 quis,
915 2459 1093 2498 fortasse
1111 2458 1250 2498 Minos
1266 2470 1353 2504 rex,
1382 2457 1423 2495 in
1445 2457 1584 2508 Polyi-

108 2529 230 2576 dum,
262 2540 384 2579 quem
427 2529 542 2567 iubet
573 2540 654 2568 una
685 2542 779 2568 cum
811 2519 956 2568 Glauci
987 2541 1162 2580 corpor-9
1192 2528 1385 2579 sepulcro
1415 2527 1582 2567 includi.

105 2599 225 2638 Alter
254 2603 392 2637 autem
424 2609 566 2637 versus
597 2599 750 2650 legitur
774 2601 881 2652 apud
900 2599 1149 2650 Sophoclem
1166 2598 1206 2637 in
1224 2595 1583 2638 Electra‘v.1173.

107 2668 264 2708 Verum
295 2669 418 2707 etiam
450 2680 559 2707 nunc
590 2677 726 2718 teneo,
756 2670 866 2721 quod
898 2670 995 2708 olim
1027 2668 1208 2716 conieci,
1234 2680 1398 2707 versum
1417 2668 1581 2721 Sopho-

105 2736 158 2776 cli
188 2738 505 2779 abiudicandum
537 2751 651 2787 esse,
691 2745 733 2779 et
772 2740 823 2779 ad
854 2738 1063 2792 Euripidis
1096 2738 1315 2792 Polyidum
1357 2739 1582 2791 pertinere,
