1716 3164
193 162 278 204 7⁰4
677 186 680 190 Δ
778 156 1042 200 AMIPSIAE
1682 0 1716 235 1

195 283 378 315 πτουσιν
413 265 690 315 ἐπαινοῦντες
735 262 897 319 αὐτόν,
938 262 1267 323 Ἀριστοφάνης
1300 271 1379 325 μὲν
1416 263 1550 319 οὕτως
1588 298 1643 306 .-

192 337 437 396 Ἀμειψίας
477 333 522 377 δ’
555 336 602 378 ἐν
636 332 820 392 τρίβωνι
853 331 1064 391 παράγων
1092 339 1131 388 *)
1171 335 1306 380 αὐτόν
1343 353 1480 396 φησιν
1507 333 1643 389 οὕτως

195 408 420 465 Σώκρατες
436 405 609 462 ἀνδρῶν
622 406 712 448 κτλ.
752 408 1029 457 Phrontistae,
1059 421 1108 448 ex
1130 410 1276 460 quibus
1304 411 1467 452 fabulae
1497 413 1645 452 chorus

197 482 447 535 compositus
475 479 556 518 fuit
577 479 705 528 (Hist.
726 479 814 517 crit.
831 491 870 530 p.
895 477 1012 529 203),
1042 478 1251 518 Socratem
1282 481 1457 521 salutant
1484 482 1525 521 in
1556 494 1646 521 sce·

195 565 288 593 nam
311 551 595 604 prodeuntem.
655 548 725 589 Vs.
744 549 765 587 1
798 542 928 601 ὀλίγῳ
958 552 999 587 et
1029 545 1172 602 πολλῷ
1201 549 1419 589 Elmsleius
1448 551 1499 589 ad
1517 552 1641 591 Arist.
1702 559 1703 562 ’

145 674 156 682 θ
197 623 374 665 Acharn.
406 621 502 660 270.
539 618 648 670 quod
678 621 875 669 sequutus
905 629 993 656 sum
1023 617 1120 656 olim
1152 619 1317 669 Quaest.
1348 631 1405 658 sc.
1435 619 1474 659 11
1504 633 1545 671 p.
1575 620 1644 659 44.

198 692 405 744 Improbat
436 690 697 728 Hermannus
727 686 864 726 Praef.
896 686 1103 738 Aristoph.
1135 689 1241 727 Nub.
1269 702 1309 739 p.
1334 689 1505 730 XXVII.
1563 689 1647 729 Ne-

196 774 276 814 que
306 773 382 812 ego
415 770 521 798 nunc
551 757 694 808 probo,
725 769 965 807 quamquam
997 756 1183 807 vulgatae
1212 757 1396 797 lectionis
1413 758 1522 809 quod
1552 770 1647 797 acu-

195 844 290 871 men
320 830 373 868 sit
401 840 478 867 nec
507 827 596 878 ipse
626 826 842 878 perspicio,
873 838 949 864 nec
978 826 1185 877 perspexit
1202 827 1453 867 Fritzschius
1480 830 1646 879 Quaest-

195 899 406 951 Aristoph.
439 897 456 937 1
486 910 526 949 p.
544 895 624 935 251
655 896 710 935 ita
740 896 875 934 locum
904 895 1217 947 interpretatus:
1247 896 1464 943 „Socrates
1495 909 1647 949 pauco·

194 984 287 1011 rum
316 970 497 1009 virorum
527 967 711 1017 (nempe,
740 964 1094 1015 investigaturum)
1125 965 1296 1015 optime,
1326 967 1546 1006 multorum
1577 978 1648 1005 au-

197 1044 280 1080 tem
313 1039 435 1077 homo
465 1034 725 1075 vanissime.’'
764 1034 863 1073 Post
899 1033 1124 1072 secundum
1155 1047 1316 1073 versum
1347 1035 1545 1074 excidisse
1575 1035 1648 1074 ali·
1713 1057 1716 1066 ·

198 1110 295 1162 quid
314 1109 451 1159 inquo
471 1105 650 1145 Socratis
681 1098 959 1150 ἀνυποδησίαι
989 1104 1394 1152 commemorabatur,
1423 1109 1648 1156 praeeunte
1694 1147 1698 1150 Α

196 1178 388 1220 Ferrario
418 1187 539 1222 vere,
569 1174 736 1225 opinor,
774 1173 915 1212 statuit
945 1174 1231 1220 Hermannus,
1261 1173 1438 1222 frustra,
1475 1178 1520 1212 ut
1549 1174 1649 1212 mihi

196 1248 360 1301 quidem
400 1244 582 1290 videtur,
627 1246 882 1294 repugnante
922 1241 1163 1281 Fritzschio.
1237 1242 1348 1282 idem
1389 1244 1650 1283 Hermannus

197 1319 299 1357 duos
330 1325 472 1354 versus
502 1312 751 1364 posteriores
780 1312 830 1350 ab
861 1311 938 1349 alia
968 1323 1144 1362 persona
1174 1312 1253 1351 dici
1283 1313 1453 1352 monuit.
1495 1314 1648 1364 Quarto

196 1385 332 1427 versui
362 1396 434 1423 cur
462 1383 561 1421 item
592 1382 694 1421 alius
727 1392 926 1432 personae
957 1383 1093 1418 notam
1122 1382 1367 1433 praefigeret
1397 1381 1650 1422 Fritzschius
1692 1406 1697 1411 -

196 1455 297 1497 nihil
328 1445 493 1492 caussae
522 1456 622 1491 erat.
689 1453 883 1491 Ceterum
913 1454 1120 1502 postrema
1150 1440 1275 1496 οὗτος
1304 1477 1359 1483 —
1388 1449 1647 1490 κολακεῦσαι

197 1539 280 1567 non
309 1522 515 1574 Amipsiae
553 1521 626 1560 sed
657 1521 850 1572 Diogenis
892 1532 983 1559 esse
1012 1520 1180 1570 putabat
1207 1520 1435 1560 Brunckius
1473 1521 1523 1560 ad
1554 1521 1646 1560 Ari·

197 1595 333 1647 stoph.
364 1595 468 1632 Ran.
500 1591 566 1630 13.
598 1603 718 1642 quem
748 1591 837 1642 ipsa
867 1590 1060 1641 Diogenis
1090 1590 1213 1628 verba
1243 1590 1505 1642 redarguunt.
1567 1591 1649 1630 Ve-

198 1677 290 1705 rum
318 1662 475 1703 viderat
503 1661 582 1701 iam
611 1661 841 1714 Menagius.
902 1660 982 1699 Pro
1013 1656 1169 1697 πεινῶν
1199 1660 1288 1700 cod.
1306 1661 1468 1700 Monac.
1499 1655 1648 1699 πινῶν.
1708 1674 1711 1691 ³

905 1804 958 1845 11.

923 1879 1066 1925 ’Ώστε
1095 1882 1317 1932 ποιοῦντες

530 1965 753 2025 χρησμοὺς
782 1964 911 2008 αὐτοὶ
940 1962 1117 2008 §addend
1152 1963 1276 2023 ᾅδειν

531 2050 759 2094 Διοπείθει
789 2051 849 2109 τῷ
878 2051 1260 2107 παραμαινομένῳ.

1691 2050 1702 2089 ι’

311 2166 540 2208 Scholiasta
562 2167 771 2219 Aristoph.
789 2168 862 2207 Av.
879 2167 981 2205 989:
1010 2158 1247 2217 Σύμμαχος
1277 2161 1322 2201 δὲ
1352 2160 1426 2201 καὶ
1452 2156 1651 2213 μανιώδη
1678 2129 1703 2214 Ξ

199 2238 310 2294 φησὶ
346 2234 424 2276 τὸν
459 2231 677 2285 Διοπείθη
725 2232 802 2274 τὸν
849 2231 1025 2290 ῥήτορα,
1066 2229 1123 2281 ὥς
1163 2233 1237 2272 καὶ
1284 2228 1562 2281 Τηλεκλείδης
1603 2229 1650 2269 ἐν
1683 2216 1697 2306 {j

197 2303 494 2362 ’Λμᾳικτύοσι
523 2303 656 2355 δῆλον
684 2297 805 2345 πόιεῖ
836 2330 890 2336 —
927 2304 1002 2344 καὶ
1035 2298 1280 2356 Ἀμειψίας
1318 2297 1474 2355 Κόννῳ
1505 2294 1649 2339 “stote
1684 2307 1695 2344 ρ

200 2375 422 2424 ποιοῦντες
451 2374 539 2416 κτλ.
600 2377 669 2417 Vs.
699 2378 726 2415 2
755 2377 878 2428 vulgo
908 2370 1056 2426 αὐτοῖς
1086 2369 1303 2412 δίδοσθαι
1331 2369 1431 2411 δεῖν.
1480 2371 1651 2410 Schnei-

202 2449 324 2488 derus
356 2448 583 2488 Comment.
615 2446 667 2484 de
697 2445 862 2484 scholiis
893 2427 1100 2495 Aristoph.
1132 2456 1172 2495 p.
1200 2442 1253 2481 65
1284 2435 1411 2479 αὐτοί
1440 2451 1552 2494 φασι
1582 2437 1651 2477 ‹5⁶-
1695 2456 1697 2476 ι

202 2513 386 2556 δόσθαι.
444 2517 535 2557 Alia
563 2518 692 2556 tentat
720 2514 970 2555 Fritzschius
1002 2514 1167 2564 Quaest.
1197 2511 1402 2563 Aristoph.
1435 2510 1452 2549 1
1482 2523 1522 2563 p.
1553 2510 1648 2550 252.
1694 2495 1696 2542 ί

1676 2605 1694 2632 52

295 2661 329 2703 ⁸)
361 2659 492 2693 calami
516 2661 611 2703 lapsu
636 2659 726 2693 Hist.
750 2657 824 2691 crit.
849 2668 882 2700 p.
907 2657 974 2690 203
1004 2657 1128 2702 scripsi
1159 2652 1385 2701 παρεισάγων.
1431 2656 1538 2688 Recte
1570 2619 1716 2698 libri{l1⁴

202 2731 320 2755 omnes
344 2717 519 2764 παράγων,
544 2719 587 2751 de
612 2730 681 2762 quo
707 2719 778 2753 dixi
799 2719 823 2751 Ι.
846 2719 869 2750 l.
895 2729 927 2761 p.
951 2716 1030 2751 536.
1689 2715 1716 2747 Η
