1716 3164
597 176 972 227 ΣΥΜΜΑΧΙΑ.
1446 177 1530 219 665

107 302 194 350 κᾶν
221 304 302 361 μὲν
323 298 512 359 πίπτῃσι
544 297 598 341 τὰ
628 294 747 340 λεύκ’
771 292 932 346 ἐπάνω,
962 292 1137 351 φεύγειν
1167 290 1277 348 ταχὺ
1305 287 1406 341 τοὺς
1437 288 1529 332 ἑτέ-

839 395 941 437 ρους
972 379 1050 430 δεῖ,

108 474 211 525 τοὺς
242 473 289 515 δὲ
320 469 503 514 διώκειν.

166 590 362 632 Hermiae
399 586 449 625 ad
481 584 664 624 Platonis
697 582 876 623 phaedr.
907 596 948 636 p.
979 583 1034 622 90
1065 581 1131 622 ed.
1164 582 1253 622 Ast.
1297 580 1386 620 sive
1423 579 1534 632 apud

54 664 292 706 Bekkerum
341 659 392 698 ad
434 656 699 697 scholiastam
745 655 850 695 Plat.
894 668 936 707 p.
974 654 1087 693 314:
1145 649 1276 691 τοῦτο
1322 648 1370 691 δέ
1413 648 1535 690 ἐστιν

57 733 218 784 ἐκεῖνο,
255 726 284 771 ὃ
309 723 422 770 κατὰ
452 723 533 776 τὴν
562 723 835 781 ὀστρακίνδα
871 723 1148 778 καλουμένην
1190 719 1377 763 παιδιὰν
1416 717 1537 776 γινό-

57 799 190 861 μενόν
217 800 350 850 ἐστιν,
379 793 437 849 ἢν
466 793 661 837 Πλάτων
689 793 713 838 ὁ
744 794 931 852 κωμικὸς
961 794 1008 836 ἐν
1037 793 1092 853 τῇ
1105 791 1350 851 Συμμαχίᾳ
1380 790 1538 849 σαφῶς

59 872 292 924 συνίστησι
337 868 413 921 διὰ
452 865 622 909 τούτων
660 867 850 920 Εἴξασιν
888 865 974 922 γὰρ
1017 868 1109 916 τοῖς
1146 864 1402 922 παιδαρίοις
1442 863 1533 907 κτλ.

56 946 301 993 Eustathius
342 943 394 984 ad
437 942 553 982 lliad.
584 955 625 995 p.
658 942 766 982 1161
796 941 878 981 43:
915 938 1071 988 παῖδες
1109 935 1189 980 δύο
1227 935 1411 996 γραμμῇ
1448 937 1538 980 τινὶ

57 1008 370 1071 μεσολαβούσῃ
419 1008 694 1062 διεστηκότες
729 1007 930 1062 ἀλλήλων
966 1007 1188 1067 ὄστρακον
1230 1008 1538 1067 ἀνερρίπτουν,

57 1078 113 1130 οὗ
140 1082 339 1141 θάτερον
364 1085 455 1140 μὲν·
473 1083 603 1139 μέρος
632 1082 979 1137 πεπισσωμένων
1007 1072 1078 1134 ἦν,
1110 1080 1162 1124 τὸ
1191 1080 1314 1132 ἐντὸς
1345 1078 1536 1136 δηλαδή,

57 1156 110 1201 τὸ
142 1157 188 1200 δὲ
217 1155 337 1206 ἐκτὸς
367 1152 639 1198 ἆπίσσωτον.
687 1151 894 1211 ὑιώριστο
925 1153 972 1195 δὲ
1001 1155 1093 1204 τοῖς
1123 1152 1438 1209 συμπαίζουσι,
1468 1153 1540 1197 τί-

61 1242 152 1272 νων
179 1231 260 1284 μὲν
288 1226 339 1269 τὸ
368 1225 450 1278 τὴν
478 1223 647 1268 πίσσαν
676 1223 797 1281 ἔχον,
826 1223 961 1267 τίνων
992 1225 1037 1266 δὲ
1069 1224 1119 1268 τὸ
1150 1225 1322 1272 λοιπόν.
1362 1229 1438 1270 καὶ
1468 1221 1542 1271 ὅτε

62 1297 328 1355 ἇναβληθὲν
367 1296 418 1339 τὸ
458 1294 678 1355 ὄστρακον
715 1298 864 1350 πέσοι,
907 1290 972 1338 ὦν
1005 1300 1089 1353 μὲν
1124 1288 1183 1349 ἦν
1218 1298 1270 1340 τὸ
1308 1297 1426 1342 κάτω
1462 1301 1544 1344 τοῦ

12 1422 24 1425 “
60 1366 281 1427 ὀστράκου
309 1367 508 1426 ἔφευγον,
538 1369 583 1410 οἱ
613 1368 659 1410 δὲ
690 1368 839 1410 λοιποὶ
868 1366 1063 1413 ἐδίωκον.
1101 1369 1257 1428 χρῆσις
1286 1372 1363 1424 τῆς
1391 1372 1544 1426 λέξεως

61 1441 110 1483 ἐν
137 1440 192 1500 τῇ
219 1438 431 1498 κωμῳδίᾳ
459 1437 568 1496 πρὸς
597 1440 788 1495 αἴνιγμα
818 1439 897 1483 τοῦ
924 1441 1145 1497 ῥηθέντος
1173 1441 1542 1501 ἐξοστρακισμοῦ,

61 1509 257 1554 Πλάτων
287 1511 359 1566 δέ,
403 1509 568 1568 φασίν,
609 1508 632 1553 ὁ
662 1509 851 1567 κωμικὸς
881 1508 1035 1568 φράζει
1064 1509 1206 1564 αὐτὴν
1235 1509 1375 1565 οὕτως
1404 1516 1545 1569 Εἴξα-

64 1583 132 1638 ξιν
163 1582 217 1636 δὴ
248 1584 339 1634 τοῖς
369 1573 624 1640 παιδαρίοις
655 1611 711 1619 -—
740 1584 784 1625 οἱ
812 1582 859 1625 δὲ
889 1582 1073 1628 διώκειν.
1129 1583 1153 1628 ὁ
1184 1586 1230 1628 δὲ
1260 1582 1546 1644 ἀναρρίπτων

62 1654 114 1698 τὸ
144 1653 365 1714 ὄστρακον
391 1654 577 1709 ἐπιλέγει
606 1654 685 1708 νὺξ
713 1652 741 1706 ἦ
771 1652 926 1714 ἡμέρα.
986 1660 1057 1702 Vs.
1083 1660 1108 1700 1
1140 1661 1334 1702 Hermias
1366 1663 1546 1704 Bekkeri

62 1724 160 1784 γάρ,
199 1731 304 1771 Astii
335 1727 394 1780 δέ,
425 1730 670 1771 Eustathius
701 1730 868 1770 omittit.
928 1756 983 1763 --
1043 1732 1114 1774 Vs,
1142 1733 1169 1772 3
1200 1731 1257 1772 οὗ
1275 1729 1326 1771 δ’
1344 1722 1410 1772 αὗ
1439 1732 1547 1777 ἐκεῖ..

61 1799 153 1841 θεν
180 1804 343 1842 tentare
373 1813 455 1841 non
486 1801 696 1841 debebam
722 1803 890 1854 quaest.
922 1815 1036 1844 scen.
1070 1804 1130 1844 111
1161 1819 1202 1858 p.
1229 1804 1285 1844 45
1314 1803 1358 1844 οἱ
1388 1799 1436 1844 δ’
1471 1800 1544 1861 ἄρ’

64 1857 255 1923 ἐκεῖθεν,
296 1872 481 1925 quamvis
522 1876 724 1924 sequente
764 1873 844 1914 Th.
887 1875 1067 1927 Bergkio
1110 1876 1344 1917 Commeat.
1375 1891 1416 1930 p.
1446 1878 1546 1920 261.

67 1945 143 1987 err
178 1944 355 1986 Homeri
397 1943 513 1983 lliad.
543 1938 576 1981 ώ
608 1943 718 1983 595:
757 1941 831 1983 σοὶ
870 1939 922 1982 δ’
952 1934 1019 1985 αὗ
1055 1943 1137 1998 ἐγώ
1173 1946 1248 1987 καὶ
1283 1943 1420 1988 τῶνδ’
1453 1947 1549 1991 ε’πι-

66 2011 308 2070 δάσσομαι.
364 2041 422 2048 —-
479 2015 551 2057 Vs.
582 2016 610 2055 4
649 2015 892 2057 Eustathius
930 2012 1080 2065 αὐτοῖς
1111 2013 1292 2068 ἀνίησιν
1319 2013 1380 2068 εἰς
1408 2019 1549 2075 μέσον

53 2083 220 2136 ἑστώς.
266 2087 460 2128 Hermias
491 2082 639 2133 αὐτοῖς
668 2088 834 2128 omittit.
895 2088 1036 2129 Possis
1065 2083 1270 2130 αὐτοῖσιν
1298 2087 1454 2142 ἄνιήσ’
1486 2085 1550 2141 εἰς

55 2158 210 2213 ’μέσον
238 2153 384 2207 ἑστώς,
412 2163 460 2199 ut
490 2159 516 2198 l.
534 2159 563 2198 l.
593 2158 753 2199 conieci
782 2162 824 2199 et
852 2163 1000 2213 postea
1024 2160 1242 2214 Bergkius.
1273 2164 1395 2204 Nunc
1427 2177 1551 2218 prae·-

0 2245 1 2260 ι
69 2232 146 2273 tuli
174 2231 393 2272 verborum
426 2229 615 2269 ordinem
645 2235 822 2271 mutare.
878 2256 936 2262 -—-
993 2231 1065 2274 Vs.
1096 2232 1124 2272 5
1171 2233 1367 2275 Hermias
1396 2231 1552 2291 πίπτῃ.

73 2304 137 2345 De
164 2302 301 2342 forma
329 2296 517 2355 πίπτῃσι
546 2301 642 2341 vide
672 2314 798 2355 supra
828 2315 869 2355 p.
899 2302 969 2344 78.
1030 2304 1228 2344 Ceterum
1259 2305 1341 2345 Th.
1371 2306 1553 2359 Bergkio

73 2373 196 2414 Plato
234 2371 469 2422 respexisse
505 2371 670 2411 videtur
708 2373 944 2424 Hyperboli
988 2374 1401 2416 condemnationem:
1438 2377 1552 2419 hunc

73 2443 210 2492 enim,
248 2453 340 2481 cum
380 2441 535 2495 populo
573 2444 874 2494 persuasisset,
911 2447 956 2484 ut
996 2444 1156 2485 Niciam
1194 2451 1264 2486 aut
1293 2447 1551 2489 Alcibiadem

74 2517 147 2554 aut
176 2512 409 2553 Phaeacem
440 2526 465 2552 e
494 2513 658 2553 civitate
687 2514 872 2564 eiiceret,
902 2515 1061 2568 ipsum,
1092 2530 1187 2557 cum
1217 2517 1279 2557 illi
1308 2519 1551 2561 societatem

73 2586 185 2626 inter
220 2596 266 2624 se
303 2583 514 2634 iniissent,
551 2585 699 2626 iisdem
737 2586 946 2640 suffragiis
987 2588 1222 2629 damnatum
1254 2602 1346 2629 esse
1376 2595 1552 2633 constat.

31 2671 40 2674 ·
76 2657 141 2698 Ab
169 2655 250 2696 hac
277 2655 406 2709 igitur
435 2658 659 2707 societate,
695 2671 774 2710 qua
804 2663 891 2698 tres
920 2659 981 2698 illi
1011 2664 1111 2700 tunc
1138 2660 1181 2700 in
1211 2661 1376 2701 civitate
1405 2666 1554 2715 poten-

79 2727 226 2769 tissimi
257 2727 333 2768 viri
364 2729 573 2770 coniuncti
613 2734 755 2780 erant,
793 2730 1010 2771 Platonem
1049 2731 1180 2772 videri
1217 2729 1401 2773 fabulam
1431 2731 1556 2786 Συμ-

77 2796 245 2854 μαχίαν
287 2801 568 2856 inscripsisse3
617 2801 758 2856 itaque
802 2801 965 2843 doctam
1008 2813 1101 2844 esse
1145 2803 1253 2844 hauc
1296 2805 1555 2849 comoediam
