1716 3164
447 158 518 204 ΔΙ
518 157 606 204 ΟΝ
613 158 771 203 ΥΣΟΣ
795 158 986 202 ΑΣΚΗ
993 156 1140 203 ΤΗΣ.
1469 159 1556 201 733

407 302 792 347 ΔΙΟΝΥΣΟΣ
821 302 1036 347 ΑΣΚΗ
1053 300 1210 347 ΤΗΣ.

182 420 368 462 Titulum
399 421 523 462 huius
552 420 738 470 fabulae,
770 430 894 473 quem
926 419 1134 472 explicare
1164 416 1304 457 studui
1319 416 1428 458 Hist.
1459 417 1551 458 crit.

65 505 110 546 p.
140 493 238 542 212,
276 493 358 532 Th.
394 493 593 545 Bergkius
625 493 857 533 Comment.
888 504 930 544 p.
962 490 1043 530 431
1085 489 1217 529 fuisse
1248 489 1417 529 coniicit
1446 483 1553 528 Διό-

69 576 200 610 νυσος
238 557 266 612 ἢ
306 559 538 611 Ἀσκηταί.
597 564 661 603 Εο
707 576 807 603 sane
848 562 1004 602 ducere
1040 560 1205 600 videtur
1242 560 1363 599 unius
1395 559 1551 600 codicis

68 637 276 688 scriptura
306 635 414 687 apud
447 635 660 675 Pollucem
700 635 889 686 (Fragm.
918 632 1016 683 ΙΙΙ).
1089 632 1180 671 Nec
1215 630 1434 683 probabile
1473 633 1550 679 est,

68 707 103 747 si
132 707 255 747 index
285 708 478 748 dramatis
509 705 588 745 fuit
605 699 817 751 Διόνυσος
845 696 1050 752 ἀσκητής,
1080 702 1343 744 Athenaeum
1360 702 1549 756 (Fragm.

70 778 87 818 Ι
120 783 161 818 et
191 778 259 829 ΙΙ)
289 779 460 818 alteram
492 778 581 818 eius
613 781 770 829 partem
802 776 1052 816 omissurum
1082 773 1226 814 fuisse.
1296 773 1441 825 ltaque
1479 777 1550 814 aut

67 849 324 901 probandum
357 850 466 902 quod
499 850 702 902 Bergkius
732 847 883 897 voluit,
922 851 992 887 aut
1030 846 1090 886 sio
1119 844 1410 894 statuendum,
1447 844 1549 885 duas

65 918 195 958 fuisse
223 918 389 960 fabulae
416 921 634 970 editiones,
665 919 835 960 alteram
867 912 1096 968 Διόνυσος,
1128 917 1302 958 alteram
1335 909 1550 963 Διόνυσος

63 982 256 1040 ἀσκητὴς
285 991 538 1045 inscriptam.

788 1048 820 1087 1.

287 1127 345 1172 “0
379 1132 490 1181 Χῖος
520 1129 597 1172 οὐκ
627 1121 762 1172 οἶσθ’
794 1127 851 1180 ώς
881 1126 1170 1186 ἁμαμηλίδας
1198 1127 1335 1180 ποιεῖς

174 1245 414 1288 Athenaeus
443 1248 542 1290 XIV
572 1261 613 1301 p.
644 1249 728 1288 650
746 1248 793 1288 d:
835 1244 885 1285 αἱ
924 1242 975 1286 δ’
1005 1240 1285 1300 ἁμαμηλίδες
1324 1237 1404 1284 οὐκ
1434 1235 1549 1284 εἰσὶν

24 1331 26 1334 ’
61 1310 199 1367 ἄπιοι,
229 1309 288 1364 ὥς
318 1330 431 1365 τινες
461 1316 645 1370 οἴονται,
678 1314 778 1359 ἀλλ’
814 1314 961 1372 ἔτερόν
988 1330 1033 1358 τι
1061 1317 1138 1357 καὶ
1167 1308 1297 1367 ἥδιον
1325 1314 1403 1356 καὶ
1430 1309 1550 1355 ἀπύ-

61 1399 211 1441 ρηνον.
285 1383 604 1443 Ἀριστομένης
662 1387 708 1429 ἐν
759 1385 958 1445 Διονύσῳ
1000 1385 1142 1443 φησίν
1195 1384 1253 1428 ‘O
1297 1387 1411 1434 Χῖος
1452 1382 1545 1429 κτλ.

0 1488 2 1496 >
62 1459 483 1514 Schweighaeuserus
519 1463 705 1503 tentabat
734 1456 758 1501 ὁ
792 1460 942 1513 Κεῖος,
982 1465 1155 1515 propter
1185 1460 1451 1514 Aeschylidis
1480 1460 1546 1500 lo-

62 1544 156 1572 cum
196 1531 247 1571 ab
286 1532 504 1573 Athenaeo
545 1534 736 1583 allatum,
773 1528 933 1581 ἀπίους
970 1529 997 1583 ἡ
1029 1531 1164 1583 νῆσος
1194 1529 1378 1584 (Κέως)
1421 1528 1546 1586 φέρει

58 1597 299 1656 κρατίστας
322 1600 437 1643 κατὰ
466 1600 543 1651 τὰς
559 1601 619 1662 ,ἐν
641 1600 791 1660 Ἰωνίᾳ
815 1602 1089 1658 καλουμένας
1103 1598 1405 1657 ἁμαμηλίδας,
1436 1615 1544 1656 quae

60 1674 186 1713 verba
228 1673 380 1722 docent
418 1677 555 1727 potius
595 1677 824 1717 rectissime
855 1677 940 1730 legi
970 1671 994 1715 ὁ
1028 1674 1153 1723 Χῖος.
1221 1676 1387 1716 Nomen
1425 1668 1543 1726 ἆμα-

60 1739 253 1797 μηλίδας
282 1746 396 1786 varie
425 1748 618 1788 scribitur
648 1748 691 1789 in
722 1748 854 1798 libris,
884 1760 1059 1800 quorum
1090 1748 1123 1788 B
1155 1746 1282 1788 habet
1313 1740 1543 1798 ἆμαμαλί-

60 1812 154 1866 δας,
186 1815 220 1856 Ρ
250 1813 599 1868 αἱμαμαλλίδας,
631 1820 668 1860 A
696 1823 834 1859 autem
865 1813 1166 1872 ἁμαμηλίδας.
1226 1816 1369 1859 Verbo
1398 1815 1543 1856 ποιεῖν

59 1886 208 1928 eodem
250 1900 376 1928 sensu
416 1883 515 1929 usus
556 1894 620 1930 est
648 1890 949 1943 Aristophanes
988 1889 1086 1931 Pac.
1117 1889 1252 1930 1322:
1293 1881 1459 1942 κριθάς
1494 1900 1542 1927 τε

57 1957 200 1998 ποιεῖν
227 1952 343 2011 ἡμᾶς
373 1956 539 2008 πολλὰς
571 1948 695 1999 οἶνόν
735 1973 780 1999 τε
818 1954 980 2011 πολύν,
1019 1961 1091 2014 qni
1126 1960 1270 2010 locus,
1309 1972 1435 2012 quem
1471 1972 1540 2001 re-

57 2029 179 2084 spicit
207 2029 510 2073 Grammaticus
541 2032 721 2074 Bekkeri
750 2033 908 2074 Anecd.
938 2046 981 2086 p.
1012 2032 1094 2072 111
1127 2032 1206 2073 20:
1242 2025 1410 2078 πολλὰς
1439 2042 1541 2070 ποι-

55 2090 120 2141 εῖν
148 2095 333 2156 κριθάς-ε
378 2096 479 2141 ἀντὶ
517 2100 597 2142 τοῦ
626 2099 796 2151 πολλὰς
824 2102 1026 2158 γεωργεῖν
1053 2097 1240 2158 κριθάς,
1283 2100 1361 2141 καὶ
1396 2098 1540 2142 πολὺν

56 2160 179 2211 οἶνον
207 2171 362 2224 ποιεῖν,
391 2174 514 2215 simul
544 2174 934 2229 Schweighaeuser-i
960 2174 1260 2215 dubitationem
1291 2173 1422 2223 tollit,
1453 2186 1536 2215 non

54 2242 233 2287 hominis
245 2244 340 2286 chii
361 2245 436 2286 sed
455 2246 585 2299 ipsius
605 2245 1225 2288 insulae·commemorationem
1242 2244 1535 2288 desiderantia.

767 2358 823 2399 ΙΙ.

302 2438 547 2481 Αλίπαστα
578 2441 719 2482 ταῦτα
746 2436 1039 2496 παρατίθημί
1067 2454 1142 2483 σοι
1167 2439 1287 2497 κρέα.

39 2616 43 2626 Ι
112 2615 121 2629 ,
163 2552 406 2595 Athenaeus
436 2524 536 2598 xl‘v
565 2569 606 2609 p.
638 2554 722 2596 658
739 2569 785 2596 a:
824 2550 1084 2597 ἁλιπάστων
1113 2554 1161 2597 δὲ
1189 2554 1325 2612 κρεῶν
1351 2569 1530 2613 μνημο-

49 2633 163 2662 νευει
207 2618 232 2662 ὁ
269 2622 347 2674 τῆς
384 2623 617 2682 κωμῳδίας
657 2623 843 2677 ποιητὴς
884 2624 1203 2682 Ἀριστομένης
1244 2626 1292 2668 ἐν
1327 2626 1527 2689 Διονύσῳ

44 2686 305 2820 ’ἰῇλίἑταὲἑα
358 2694 450 2737 κτλ.
530 2699 684 2740 Addidi
728 2698 831 2756 κρέα
872 2706 1103 2754 praeeunte
1143 2701 1308 2757 Toupio
1345 2703 1523 2746 Emend.
