1716 3164
722 177 959 224 ΗΡΩΕΣ.
1458 187 1572 230 1078

85 288 278 344 νόησαν,
317 290 558 348 τροχοειὸές
587 307 652 347 τι,
693 289 765 335 δι’
798 286 853 336 οὗ
879 291 960 336 τὸν
987 289 1206 352 τράχηλον
1233 285 1352 353 εἷρον
1379 293 1490 354 πρὸς
1516 294 1569 341 τὸ

80 361 143 419 μὴ
173 358 406 405 δύνασθαι
434 361 516 415 τὴν
540 365 666 421 χεῖρα
695 361 958 420 προσάγειν·
1015 365 1239 421 μέμνηται
1277 365 1324 408 δὲ
1353 366 1401 409 ἐν
1418 362 1566 425 ‘'How-

82 447 156 476 σιν
190 430 549 490 Ἀριστοφάνης·
592 433 787 477 Παίσειν
829 435 921 480 κτλ.
992 433 1197 479 Παύσειν
1232 443 1347 479 recte
1385 438 1566 480 mador-

78 508 180 556 fius‚
209 508 321 547 idem
352 501 624 557 παυσικάπη.
655 508 776 549 codd.
809 507 961 549 Veneti
992 502 1218 558 παυσικάη
1247 509 1315 550 vel
1347 503 1560 559 πασικάη.

80 577 258 619 Videtur
300 581 438 618 autem
481 578 551 618 hic
587 591 747 629 versus,
780 578 901 619 sicuti
932 580 1001 632 qui
1022 579 1286 634 ,pl-accessit,
1316 579 1360 620 iu
1398 592 1564 622 servum

78 647 265 689 furacem
297 647 431 688 dictus
463 660 571 689 esse.

800 718 852 759 X.

278 796 384 841 Ἴθι
413 796 467 850 δὴ
499 796 652 854 λαβών
679 797 759 842 τὸν
788 796 960 861 ῥόμβον
988 795 1345 844 άνακωδαῖνισον.

150 936 153 938 —
191 905 340 947 Pollux
355 905 395 946 X
415 904 525 946 173:
549 897 886 960 Ἀριστοφάνης
916 902 963 944 ἐν
983 896 1223 959 “Ἠρωσιν·
1248 899 1354 946 Ἴθι
1383 901 1439 956 δὴ
1468 903 1562 949 κτλ.

780 1017 854 1059 Xl.

185 1101 418 1143 Scholiasta
449 1100 707 1155 Thesmoph.
738 1116 777 1143 v.
809 1103 886 1143 21:
937 1093 1073 1141 Οἷόν
1112 1097 1170 1139 τέ
1196 1094 1300 1140 πού
1324 1094 1468 1140 ’στιν
1499 1097 1560 1140 αἱ

76 1172 249 1227 σοφαὶ
287 1169 632 1224 ξυνουσίαι]·
676 1169 752 1213 διὰ
788 1167 951 1213 τούτου
991 1166 1203 1226 φαίνεται
1232 1166 1436 1211 ὑπονοῶν
1474 1167 1561 1211 Εὐ-

75 1241 254 1297 ριπίδου
297 1232 411 1283 εἶναι
454 1239 506 1282 τὸ
554 1241 704 1297 Σοφοὶ
748 1238 959 1299 τύραννοι
1001 1239 1090 1282 τῶν
1135 1238 1290 1296 σοφῶν
1327 1237 1559 1297 συνουσίᾳ.

74 1309 168 1354 ἔστι
205 1311 251 1353 δὲ
280 1311 558 1391 Σοφοκλέους
595 1311 641 1364 ἐξ
681 1312 878 1362 Αἴαντος
905 1311 1097 1367 Λοκροῦ.
1163 1309 1370 1352 ἐνταῦθα
1407 1310 1562 1366 μέντοι

73 1379 259 1425 ὑπονοεῖ
291 1379 455 1438 μόνον,
493 1382 540 1424 ἐν
577 1381 624 1424 δὲ
653 1384 744 1433 τοῖς
764 1377 979 1440 “Ἠρωσιν
1007 1379 1213 1438 ἄντικρυς
1241 1378 1560 1438 ἀποφαίνεται.

71 1454 148 1495 καὶ
173 1449 479 1504 Ἀντισθένης
508 1454 584 1495 καὶ
613 1449 808 1494 Πλάτων
837 1456 907 1504 (in
925 1456 1100 1507 Theage
1130 1468 1172 1507 p.
1199 1453 1282 1494 125
1312 1455 1362 1495 D.
1389 1455 1443 1495 de
1473 1455 1562 1496 Re-

72 1527 188 1580 publ.
219 1526 319 1569 Vlll
349 1539 391 1579 p.
425 1526 510 1566 568
540 1527 605 1578 A)
645 1522 892 1580 Εὐριπιδου
930 1521 1042 1565 αὐτὸ
1073 1521 1191 1563 εἰναι
1220 1518 1447 1576 ἡγοῦνται,
1482 1519 1563 1564 οὐκ

72 1592 154 1650 ἔχω
183 1589 320 1636 εἰπεῖν
349 1588 379 1636 ὅ
404 1608 447 1636 τι
480 1591 724 1645 παθόντες.
784 1593 894 1637 ἔοικε
936 1594 981 1635 δὲ
1020 1590 1120 1644 ἤτοι
1160 1591 1493 1648 πεπλανημένος
1532 1607 1560 1645 η

74 1665 436 1718 συνεξαπατῆσαι
476 1663 579 1715 τοὺς
618 1663 798 1717 ἄλλους,
834 1660 981 1722 ὥσπερ
1019 1660 1266 1705 ὑπονοοῦσί
1305 1677 1419 1713 τινες
1448 1677 1562 1718 συμ-

74 1733 261 1785 πτώσεις
297 1734 356 1775 τῶ
385 1750 430 1779 τε
460 1735 688 1792 Σοφοκλεῖ
710 1737 786 1778 καὶ
816 1735 876 1777 τῶ
905 1732 1151 1793 Εὐριπίδῃ,
1190 1729 1338 1790 ὥσπερ
1376 1734 1452 1776 καὶ
1490 1733 1564 1776 ἐπι

73 1804 220 1848 ἄλλων
249 1818 405 1848 τινων·
465 1803 516 1848 τὸ
552 1806 704 1866 μέντοι
734 1779 885 1864 ὃρᾶμια
913 1806 960 1848 ἐν
990 1798 1024 1864 ᾧ
1052 1803 1298 1862 Εὐριπίδης
1326 1803 1470 1846 ταῦτα
1500 1794 1563 1845 εἷ-

74 1890 155 1919 πεν
197 1874 251 1918 οὐ
290 1873 486 1927 σώζεται.
552 1879 775 1933 Sophoclis
817 1892 911 1921 esse
950 1879 1074 1920 docet
1115 1879 1240 1919 etiam
1275 1877 1482 1920 Aristides
1521 1875 1562 1917 11

72 1963 116 2004 p.
146 1949 231 1990 288
259 1951 312 1990 2:
344 1943 459 1989 Οὐδέ
501 1961 548 2002 γε
578 1946 823 2005 Εὐριπίδου
864 1947 1068 2005 φήσομεν
1106 1938 1235 2003 οἶμαι
1266 1945 1318 1988 τὸ
1359 1942 1564 2001 ιαμβεῖον

72 2009 186 2060 εἶναι
224 2015 275 2059 τὸ
312 2017 461 2074 Σοφοὶ
498 2014 708 2076 τύραννοι
737 2018 826 2061 ταῖν
855 2018 1010 2076 σοφῶν
1038 2014 1272 2075 συνουσίᾳ,
1300 2013 1402 2059 οὐδ’
1431 2015 1479 2058 εἴ
1497 2030 1565 2065 τις

0 2133 1 2151 ¹
55 2083 187 2131 οὕτω
230 2087 319 2130 τῶν
372 2087 528 2144 σοφῶν
574 2089 762 2148 εἴρηκεν·
819 2089 914 2133 ἔστι
959 2089 1043 2148 γὰρ
1090 2089 1135 2142 ἐξ
1171 2087 1370 2139 Αἴαντος
1410 2087 1563 2143 Σοφο-

0 2171 1 2199 1
75 2160 240 2212 κλέους,
271 2159 469 2209 Αἴαντος
497 2159 576 2202 τοῦ
604 2160 794 2218 Λοκροῦ.

764 2275 861 2315 Xll.

189 2356 324 2399 Draco
355 2356 539 2398 Straton.
569 2371 611 2411 p.
641 2358 698 2398 73
730 2357 784 2397 14
823 2361 866 2398 et
901 2356 1084 2409 Etymol.
1116 2355 1178 2396 M.
1215 2368 1257 2408 p.
1287 2353 1372 2394 673
1402 2353 1453 2392 1=
1499 2348 1563 2392 Τὸ

75 2423 123 2467 δὲ
151 2422 239 2466 πίω
267 2423 513 2467 ἐκτείνει-
531 2422 868 2483 Ἀριστοφάνης
899 2423 946 2465 ἐν
966 2418 1152 2479 Ἵ-Ιρωσι
1183 2423 1233 2463 Π
1241 2422 1278 2463 ὦ
1284 2438 1307 2472 ς
1335 2418 1568 2487 πίομαι,-

654 2540 754 2582 ΧΠῙ
785 2565 841 2573 —-
869 2537 983 2582 XVI.

189 2625 339 2666 Pollux
353 2624 432 2667 v11
459 2625 536 2666 15:
564 2619 819 2679 Ἐμπόλω
848 2615 1173 2676 Διοσκούρω
1199 2620 1287 2671 (vel
1306 2613 1564 2686 flcooxopw)

75 2687 346 2749 {r‘HQwocv
372 2690 717 2751 Ἀριστοφάνης.
770 2723 827 2729 -
887 2694 1004 2735 Idem
1033 2692 1114 2734 Vll
1146 2692 1225 2732 16:
1262 2687 1376 2731 Εὶπε
1408 2687 1455 2729 δὲ
1484 2687 1566 2729 καὶ

76 2759 177 2804 ἆνδ
186 2777 212 2818 ρ
222 2779 296 2807 απ
310 2778 335 2806 ο
345 2762 373 2805 δ
380 2761 414 2805 ω’
424 2778 450 2807 ν
460 2781 488 2818 η
499 2781 521 2816 ς
548 2765 596 2808 ἐν
624 2766 717 2816 τοῖς
737 2758 950 2823 ἽΞΙρωσιν
975 2755 1323 2826 Ἀριστοφάνης.
1361 2787 1417 2796 —
1448 2760 1563 2802 Idem

141 2846 314 2882 Comoed.
346 2851 418 2882 ant.
1241 2832 1298 2872 ⁶8
