1716 3158
551 162 916 206 ARISTOPHAN
923 162 1003 205 Es.
1447 163 1532 204 92⁹

272 277 360 320 τῶν
390 276 660 320 σκευοποιῶν
689 272 881 318 εἰκάσαι·
915 272 1089 324 πάντως
1116 288 1162 330 γε
1191 273 1283 330 μὴν

273 345 611 403 γνωσθήσεται
646 346 696 389 τὸ
726 346 811 404 γὰρ
841 347 1040 401 θέατρον
1070 345 1228 398 δεξιον.

47 422 164 465 Nihil
204 423 317 464 aliud
361 423 460 463 dicit
499 426 644 475 poeta,
697 433 820 472 quam
859 420 1145 472 operariorum
1182 418 1345 460 nullum
1382 429 1531 459 ausum

47 507 139 535 esse
168 507 388 548 personam
418 492 624 540 fabricari,
654 503 759 543 quae
775 490 942 530 Cleonis
972 490 1290 530 similitudinem
1319 488 1527 530 referret.

46 565 122 606 sed
154 566 336 618 quamvis
366 566 538 604 obscura
568 562 620 602 sit
650 560 927 614 Paphlagonis
958 561 1067 601 servi
1098 559 1251 610 facies,
1294 563 1434 600 tamen
1464 557 1529 600 fa-

48 636 128 677 cile
166 641 420 689 spectatores
460 633 745 674 intellecturos
797 645 914 680 esse,
964 644 1087 684 quem
1124 635 1249 684 poeta
1298 631 1529 683 significet:

47 720 155 760 quae
194 708 246 748 ad
282 707 392 747 hunc
428 705 568 745 locum
607 716 713 744 unus
744 703 966 744 scholiasta
995 703 1228 756 adscripsit,
1269 715 1369 743 vera
1410 706 1530 742 suutz

53 775 356 830 πεπλασμένος
396 771 505 830 πρὸς
549 769 815 828 ὁμοιότητα·
875 770 986 821 ἔθος
1031 771 1115 828 γὰρ
1155 761 1212 823 ἦν
1257 774 1348 821 τοῖς
1389 785 1531 826 κωμι-

47 849 139 898 κοῖς
189 841 322 902 ὅμοια
379 843 435 886 τὰ
492 846 747 900 προσωπεῖα
803 846 945 885 ποιεῖν
1001 843 1091 892 τοῖς
1147 843 1527 904 κωμῳδουμένοις,

48 914 125 960 ἵνα
165 917 348 973 φανεροὶ
390 914 501 957 ὦσιν
538 913 610 957 ὑπ’
657 913 816 967 αὐτῶν,
856 914 931 955 καὶ
966 914 1247 970 περιτιθέναι
1283 915 1375 965 τοῖς
1414 910 1527 955 ὑπο-

43 988 222 1044 κριταῖς.
300 991 353 1030 At
396 994 666 1042 praepostere
712 989 899 1028 coniecta
947 992 1062 1037 sunt,
1103 1001 1210 1040 quae
1258 989 1363 1028 alius
1411 987 1527 1027 addit

44 1061 348 1114 grammaticus,
381 1073 559 1112 namque
589 1060 694 1100 nihil
722 1060 788 1099 his
819 1059 952 1099 simile
981 1060 1023 1098 in
1042 1059 1324 1112 Aristophane
1353 1060 1530 1113 legitur:

50 1125 139 1169 Οὐκ
167 1120 280 1184 εἶχεν
310 1125 459 1169 αὐτοῦ
475 1130 753 1184 προσωπεῖον
784 1126 859 1168 δια
890 1126 940 1168 τὸ
970 1125 1215 1170 δεδοικέναι
1245 1126 1347 1178 τοὺς
1377 1142 1530 1170 σκευο-

44 1197 198 1249 ποιοὺς
227 1201 302 1240 καὶ
332 1198 394 1255 μὴ
426 1199 580 1241 θέλειν
608 1197 717 1255 μήτε
748 1197 956 1241 πλάττειν
994 1215 1105 1254 μητε
1136 1199 1420 1256 σχηματίζειν
1447 1196 1530 1251 τὴν

44 1266 155 1323 ὄψιν
171 1269 247 1311 τοῦ
270 1271 489 1320 Κλέωνος·
508 1271 620 1325 λέγει
649 1269 730 1312 οὑν
761 1265 831 1313 ὁτι
858 1270 1048 1326 μηδενὸς
1077 1270 1354 1321 ὑποστάντος
1384 1268 1524 1312 αὐτὸν

43 1337 383 1397 ὑποκρίνεσθαι,
413 1340 545 1391 αίτὸς
575 1339 599 1383 ὁ
628 1340 960 1399 4ριστοφάνης
980 1339 1206 1399 μιλτώσας
1228 1341 1389 1385 ἑαυτὸν
1419 1338 1528 1384 ὑπε-

42 1409 224 1487 κρίνοιτο
255 1408 284 1464 ἢ
313 1411 368 1471 τῇ
397 1411 558 1470 τρυγία
580 1410 739 1469 χρίσας
768 1411 943 1455 ἑαυτόν.

155 1487 274 1527 Haec
317 1487 454 1526 omnia
493 1487 565 1526 ille
603 1488 896 1539 grammaticus
933 1488 1072 1538 finxit3
1120 1487 1225 1529 nihil
1270 1484 1384 1527 aliud
1428 1484 1531 1526 dicit

43 1556 363 1610 Aristophanes,
401 1558 479 1598 nisi
522 1559 769 1599 histrionem
801 1572 948 1612 parum
987 1560 1167 1600 similem
1195 1570 1418 1613 personam
1455 1569 1530 1611 ge-

43 1641 154 1678 rere,
184 1629 259 1668 sed
288 1633 426 1670 tamen
457 1631 760 1683 spectatoribus
790 1644 871 1670 non
904 1632 1127 1671 obscurum
1159 1631 1267 1680 fore,
1298 1642 1423 1682 quem
1452 1641 1531 1681 pe·

45 1702 106 1739 tat
147 1705 294 1752 poeta3
336 1705 377 1740 at
407 1703 613 1754 pessimus
650 1702 724 1741 ille
762 1702 984 1743 scholiasta
1025 1708 1286 1744 commentus
1323 1705 1410 1749 est,
1457 1699 1527 1739 hl-

47 1771 245 1811 strionem
277 1772 390 1811 nulla
421 1773 586 1812 omnino
611 1785 789 1826 persona
820 1767 1009 1814 ornatu'm
1039 1774 1171 1814 fuisse
1201 1778 1244 1813 et
1262 1772 1385 1825 primi
1416 1774 1532 1810 acto-

44 1842 103 1882 ris
132 1847 269 1895 partes
298 1843 434 1896 ipsum
467 1844 787 1897 Aristophanem
823 1845 1075 1898 suscepisse,
1114 1849 1335 1898 postquam
1373 1842 1530 1882 faciem

44 1912 165 1954 faece
206 1914 508 1955 obscuraverit:
545 1929 594 1955 ex
624 1915 703 1955 hac
740 1916 960 1956 temeraria
998 1917 1343 1970 interpretatione
1380 1911 1527 1967 profe-

45 1988 136 2024 ctus
165 1989 228 2024 est
257 1986 394 2037 gravis
433 1999 552 2025 error
592 1987 680 2027 eius
721 1987 1002 2040 grammatici,
1043 1989 1115 2042 qui
1146 1989 1317 2041 Argum.
1350 1985 1390 2025 11
1422 1983 1528 2025 scri—

45 2055 146 2108 psit:
177 2051 371 2106 καθίησι
400 2052 451 2096 τὸ
481 2053 570 2095 τῶν
595 2051 788 2096 Ἱππέων
819 2055 967 2112 δρᾶμα
998 2055 1067 2099 δι’
1099 2055 1280 2108 ἑαυτοῦ,
1313 2054 1407 2095 ἐπεὶ
1438 2052 1530 2094 τῶν

47 2124 315 2167 σκευοποιῶν
357 2124 499 2176 οὐδεὶς
549 2123 774 2168 ἐπλάσατο
817 2127 868 2168 τὸ
909 2129 990 2170 τοῦ
1029 2128 1232 2177 Κλέωνος
1270 2121 1527 2183 πρόσωπον.

47 2198 200 2238 etenim
237 2199 309 2238 ille
345 2199 472 2240 homo
509 2213 680 2254 prorsus
714 2201 918 2254 ignoravit
956 2202 1170 2242 notionem
1210 2199 1327 2241 verbi
1355 2193 1527 2238 καθιέ-

48 2278 136 2316 ναι,
167 2269 279 2320 quod
308 2269 361 2309 de
398 2274 539 2311 actore
569 2271 723 2310 dictum
754 2284 846 2310 esse
882 2272 1150 2312 existimavit:
1187 2271 1355 2324 gravius
1398 2268 1528 2315 etiam

51 2339 202 2378 erravit
224 2343 368 2379 auctor
389 2341 509 2390 vitae,
539 2346 582 2380 et
610 2341 700 2393 ipse
729 2340 875 2380 falsam
903 2342 1019 2381 illam
1047 2341 1435 2395 interpretationem
1459 2351 1528 2379 se-

52 2412 195 2457 cutus,
227 2409 296 2460 qui
327 2415 544 2462 praeterea
573 2411 710 2460 addit,
752 2412 911 2451 nullum
949 2413 1196 2453 histrionem
1237 2411 1419 2452 voluisse
1452 2410 1531 2450 Pa-

48 2479 269 2532 phlagonis
300 2480 387 2520 sive
418 2483 586 2523 Cleonis
617 2497 836 2536 personam
865 2497 1005 2537 agere,
1037 2488 1262 2537 propterea
1286 2481 1533 2535 Aristopha-

50 2562 144 2590 nem
176 2545 243 2587 δι’
272 2547 431 2591 ἑαυτοῦ
459 2548 814 2608 ὑποκρίνασθαι,
855 2560 942 2595 tum
983 2556 1098 2595 illam
1129 2568 1180 2594 ex
1211 2554 1435 2594 scholiasta
1463 2565 1533 2594 re·

52 2621 156 2672 petit
183 2619 367 2663 fabulam
399 2615 452 2664 de
482 2626 772 2679 Aristophanis
802 2625 912 2666 facie
944 2627 1176 2675 occultata3
1217 2624 1372 2677 aliquid
1413 2627 1531 2664 certe

55 2689 246 2742 dixisset,
293 2694 330 2734 si
369 2694 460 2736 sine
500 2698 746 2738 auctoritate
788 2698 952 2751 fingere
991 2698 1090 2750 quid
1128 2697 1320 2747 volebat,
1372 2696 1534 2737 nullum

55 2765 220 2814 poetam
259 2776 408 2807 nomen
447 2780 567 2809 suum
612 2769 800 2824 profiteri
843 2781 989 2811 ausum
1039 2772 1082 2810 et
1127 2771 1353 2822 propterea
1393 2766 1532 2821 ipsum

116 2841 282 2878 Comoed.
317 2850 386 2880 ant.
1211 2838 1268 2880 59
