1716 3164
670 126 1027 171 AAITAAfflE.
1209 119 1231 132 “
1468 132 1578 174 1015

736 242 928 285 XXXIV.

207 326 481 379 Harpocratio
517 322 761 366 Ἀλίπεδόν
796 338 908 374 τινες
939 323 1016 366 τὸν
1045 324 1239 382 Πειραιᾶ
1270 326 1433 382 φασίν·
1479 327 1574 370 ἔστι

95 392 140 434 δὲ
163 393 316 443 κοινοῖς
346 391 491 446 τόπος,
521 392 569 445 ὂς
598 392 737 437 πάλαι
764 397 847 450 μὲν
875 386 931 446 ἦν
962 394 1195 448 θάλασσα,
1228 385 1369 446 αὖθις
1407 397 1455 439 δὲ
1496 414 1573 440 πε-

95 462 194 506 δίον
230 465 421 519 ἐγένετο,
460 465 530 507 διὸ
566 467 642 507 καὶ
679 463 916 508 δασύνεται
951 464 974 518 ἡ
1007 464 1178 522 πρώτη·
1219 465 1312 508 ἔστι
1352 466 1435 523 γὰρ
1474 462 1572 511 οἷον

93 532 198 585 ἁλὸς
242 535 411 578 πεδίον.
469 533 607 577 ν[Ιτον
645 534 816 590 ὁμαλὸν
865 533 1020 578 πεδίον
1058 538 1133 578 καὶ
1172 539 1457 592 τετριμμένον
1491 542 1568 582 καὶ

94 600 190 649 οἷον
226 604 541 661 ἀληλεσμένον,
583 603 642 655 ὠς
675 604 1011 664 Ἀριστοφάνης
1042 607 1334 649 Δαιταλεῦσιν
1372 607 1446 649 διὰ
1486 622 1567 663 ψι-

94 677 196 719 λοῦ·
226 677 281 718 ἐν
309 674 556 734 ἁλιπὲδῳ.
618 680 749 721 Recte
780 681 1037 722 Fritzschius
1067 694 1107 734 p⁴
1132 682 1232 721 131:
1263 675 1344 720 ἐπ’
1377 676 1569 723 ἀλιπὲδω

93 750 283 791 correxit.

744 864 913 906 XXXV.

197 946 428 987 Scholiasta
454 946 688 990 vindobon.
722 948 890 989 Lucian.
921 948 1120 990 Alexand.
1151 962 1187 990 c.
1217 951 1245 990 4
1277 951 1342 992 ed.
1373 966 1396 992 a
1426 952 1566 994 Schu-

87 1018 204 1059 barto
242 1018 284 1059 in
316 1018 555 1058 Zimmerm.
588 1019 734 1059 Annal.
775 1020 886 1059 1834
918 1033 958 1059 n.
990 1019 1098 1059 141:
1133 1013 1190 1057 ‘0
1227 1014 1564 1074 Ἀριστόδη-

84 1101 185 1142 μος
214 1086 261 1127 δὲ
290 1085 450 1142 μιαρὸς
477 1086 552 1128 καὶ
581 1083 849 1141 καταπύγων
880 1083 982 1141 (εἰς)
1011 1084 1275 1142 ὑπερβολήν,
1305 1086 1389 1144 ἀφ’
1410 1082 1463 1130 οὗ
1491 1091 1567 1132 καὶ

88 1154 113 1198 ὁ
138 1156 330 1212 πρῶκτος
360 1154 691 1215 Ἀριστόδημος
717 1158 936 1199 καλεῖται·
971 1157 1191 1214 Κρατῖνος
1221 1159 1487 1210 Πανόπταις
1511 1189 1566 1195 —

84 1225 294 1278 ὡσαύτως
323 1229 399 1270 καὶ
427 1225 758 1284 Ἀριστοφάνης
786 1229 1091 1272 Δαιταλεῦσιν.
1162 1233 1314 1273 Nescio
1353 1246 1403 1273 an
1433 1233 1565 1274 famo·

83 1314 154 1342 sus
181 1301 250 1342 hic
279 1301 566 1342 Aristodemus
595 1302 669 1342 ille
697 1303 763 1352 sit,
794 1303 864 1355 qui
891 1302 1148 1356 Epimenidis
1178 1308 1367 1356 tempore
1390 1304 1565 1345 Athenis

83 1372 194 1421 vixit,
224 1371 307 1412 vid.
337 1371 491 1413 Athen.
520 1372 623 1412 XIII
653 1385 695 1425 p.
727 1374 810 1413 602
840 1375 895 1414 C:
932 1368 1165 1425 Διαβόητα
1203 1366 1249 1411 δ’
1282 1370 1378 1412 ἐστὶ
1405 1373 1481 1413 καὶ
1509 1370 1566 1412 τὰ

82 1439 155 1481 ἐπὶ
185 1438 395 1497 Κρατίνῳ
423 1438 483 1498 τῷ
516 1436 762 1498 Ἀθηναίῳ
799 1438 1029 1496 γενόμενα,
1073 1437 1122 1490 ὃς
1150 1438 1376 1497 μειράκιον
1405 1436 1468 1482 ὢν
1496 1438 1564 1482 εἰ]-

80 1524 270 1567 μορφον,
295 1507 586 1565 Ἐπιμενίδου
614 1509 918 1568 καθαίροντος
949 1510 1030 1562 τὴν
1054 1507 1269 1562 Ἀττικὴν
1294 1509 1564 1570 ἀνθρωπείῳ

82 1576 242 1637 αἵματι
273 1578 349 1623 διά
379 1594 480 1622 τινα
507 1579 628 1636 μύση
659 1579 854 1631 παλαιά,
886 1580 944 1631 ώς
975 1583 1142 1636 ἱστορεῖ
1167 1579 1383 1633 Νεάνθης
1413 1580 1437 1624 ὁ
1468 1584 1562 1624 Κυ·

82 1651 251 1704 ζικηνός
289 1652 336 1693 ἐν
366 1651 548 1709 δευτέρῳ
577 1654 678 1709 περὶ
717 1652 919 1703 τελετῶν,
966 1651 1072 1694 ε’κιύν
1109 1650 1247 1693 αὑτὸν
1289 1652 1502 1694 ἐπέδωκεν
1536 1651 1563 1695 ὁ

82 1723 304 1778 Κρατῖνος
334 1719 441 1778 ὑπὲρ
469 1723 546 1774 τῆς
574 1724 891 1779 θρεψαμένης,
923 1716 956 1781 ᾧ
985 1725 1057 1765 καὶ
1089 1723 1378 1765 ἐπαπέθανεν
1407 1720 1432 1764 ὁ
1461 1722 1562 1780 εἶρα..

83 1794 191 1846 στής
227 1790 585 1850 Ἀριστόδημος,
622 1793 749 1836 λύσιν
787 1793 830 1835 τ’
864 1792 994 1847 ἔλαβε
1033 1795 1084 1836 τὸ
1116 1792 1274 1838 δεινόν.
1342 1797 1425 1836 Sed
1465 1809 1558 1837 cum

80 1871 164 1908 tam
193 1867 390 1919 frequens
418 1881 569 1908 nomen
600 1869 653 1908 sit
684 1867 959 1916 Aristodemi,
990 1869 1227 1908 coniectura
1257 1881 1357 1907 sane
1385 1868 1558 1909 incerta.

81 1938 190 1979 Illud
221 1938 328 1978 addo
359 1939 517 1979 Cratini
553 1939 762 1991 piaculum
807 1945 1162 1991 repraesentatum
1206 1938 1336 1978 videri
1375 1939 1418 1977 in
1455 1938 1557 1979 cista

80 2004 373 2058 Praenestina,
405 2010 521 2049 cuius
559 2010 793 2062 exemplum
835 2009 1021 2049 exhibuit
1053 2010 1188 2050 Raoul
1218 2008 1429 2050 Rochette
1461 2009 1555 2048 Mo-

78 2093 253 2120 numens
302 2080 456 2120 Inedits
499 2080 555 2133 pl.
585 2080 667 2128 58,
708 2080 778 2133 qui
818 2092 911 2120 cum
957 2080 1010 2120 de
1048 2082 1297 2133 Astyanacte
1346 2078 1554 2130 cogitavit,

78 2163 104 2190 a
133 2163 230 2190 vero
259 2150 380 2202 plane
411 2151 596 2190 aberrat:
638 2156 702 2192 est
732 2151 841 2191 enim
872 2151 982 2190 illius
1012 2148 1140 2190 cistae
1171 2151 1357 2203 species,
1388 2154 1434 2188 ut
1463 2149 1553 2201 ple-

77 2233 208 2272 raque
238 2221 336 2261 artis
366 2222 569 2262 Etruscae
598 2227 877 2270 monumenta,
910 2234 960 2260 ex
988 2221 1124 2260 Attica
1153 2221 1296 2272 petita,
1328 2224 1371 2258 et
1399 2220 1440 2259 in
1471 2231 1553 2258 una

79 2291 246 2342 quidem
286 2294 404 2342 parte
443 2290 635 2331 Cratinus
674 2305 697 2331 a
738 2291 955 2331 sacerdote
1004 2295 1202 2330 mactatus
1252 2290 1464 2337 cernitur,
1506 2278 1548 2332 iu

79 2361 209 2401 altera
241 2361 425 2401 Macaria
454 2361 649 2401 Herculis
688 2363 771 2401 filia
809 2362 931 2401 morti
963 2374 1008 2401 se
1046 2361 1228 2401 offerens
1266 2359 1546 2411 conspicitur:

76 2432 320 2483 fontemque
349 2431 418 2483 qui
448 2432 498 2472 ab
528 2433 598 2472 ina
628 2445 776 2472 nomen
808 2432 968 2488 accepit
997 2430 1374 2481 (vid.StraboVIII
1390 2444 1429 2482 p.
1442 2429 1548 2469 377:

78 2496 340 2555 Εὐρυσθεὺς
371 2501 452 2553 μὲν
491 2490 573 2541 οὗν
610 2497 881 2555 στρατεύσας
916 2496 976 2549 εἷς
1008 2498 1285 2553 ΒΙαραθῶνα
1329 2525 1381 2531 -
1423 2497 1547 2538 ἱστο-

79 2573 218 2627 ρεῖται
245 2571 393 2613 πεσεῖν
427 2569 473 2611 ἐν
501 2569 555 2628 τῇ
580 2567 719 2627 μάχῃ·
759 2572 834 2612 καὶ
863 2569 914 2612 τὸ
943 2573 1024 2626 μὲν
1050 2567 1158 2610 ἄλλο
1188 2569 1318 2623 σῶμα
1345 2569 1545 2623 Γαργητ-

79 2642 154 2683 τοῖ
185 2639 402 2697 ταφῆναι,
443 2637 526 2691 τὴν
562 2640 609 2681 δὲ
639 2641 836 2696 κεφαλὴν
862 2641 994 2696 χωρὶς
1030 2639 1077 2680 ἐν
1111 2635 1393 2696 Τρικορύθῳ,
1431 2633 1544 2678 ἀπο-

79 2707 301 2767 κόψαντος
339 2708 480 2763 αὐτὴν
505 2707 686 2756 Ἰολάου
723 2713 819 2769 περὶ
860 2709 940 2763 τὴν
976 2708 1140 2768 κρήνην
1174 2708 1256 2762 τὴν
1286 2705 1543 2764 Μακαρίαν.
