1716 3164
184 158 294 199 1178
707 153 1117 200 AmsToPHAMS

182 264 379 317 ἐποίουν,
417 265 489 305 καὶ
517 261 667 305 πάλιν·
703 262 803 313 τοὺς
836 261 1013 319 Φρύγας
1040 265 1129 309 κτλ.
1187 269 1337 311 Nescio
1366 285 1415 313 an
1447 275 1625 315 scriben-

182 338 278 378 dum
307 338 379 376 sit:
422 333 532 384 Τοὺς
557 334 655 389 γάρ
689 331 865 388 Φρύγας
892 324 994 375 οἶδα
1023 334 1220 391 θεωρῶν.
1287 341 1444 382 Deinde
1474 344 1625 383 Casan-

181 407 311 446 bonus
340 409 452 445 recte
488 400 822 458 συλλυσόμενοι,
862 406 955 447 libri
994 402 1295 459 συλλισόμενοι
1324 410 1388 449 vel
1417 407 1625 460 συλλησό-

179 486 312 526 μενοι.
376 476 570 528 Aeschyli
605 476 711 515 enim
741 475 951 527 tragoedia
983 477 1245 526 nobilissima,
1276 490 1394 529 quam
1426 481 1624 522 dieitAri-

180 544 423 596 stophanes,
461 545 655 597 inscripta
691 544 769 584 suit
802 538 968 597 Φρύγες
997 538 1024 593 ἢ
1046 537 1254 600 “Ἐκτορος
1292 543 1439 601 λύτρα.
1505 551 1625 590 Cete-

179 625 270 654 rum
299 614 455 655 conieci
482 614 585 655 haec
613 614 664 654 ad
680 614 882 654 Danaides
902 615 1121 667 pertinere,
1150 616 1228 656 vid.
1246 617 1334 658 eius
1353 617 1435 659 fab.
1451 618 1625 659 Fr.xu.

851 735 943 776 Vll.

607 808 764 864 (Ὅστις
793 814 838 856 ἐν
865 811 1102 869 ἡδυόσμοις

614 894 838 954 στρώμασι
865 896 1135 953 παννυχίζων

615 979 696 1032 τὴν
724 981 963 1023 δέσποιναν
991 978 1176 1037 ἐρείδεις.

287 1093 522 1134 Athenaeus
552 1094 569 1134 1
598 1108 639 1148 p.
669 1095 724 1135 48
754 1096 807 1136 G:
842 1090 1185 1148 Ἀριστοφάνης,
1205 1087 1362 1142 “’οστις
1390 1094 1435 1134 ἐν
1463 1092 1623 1144 ἡδυόσ-

174 1175 272 1214 μοις
300 1160 389 1203 κτλ.
445 1164 601 1204 Eadem
642 1164 883 1205 Eustathius
914 1178 952 1216 p.
983 1163 1093 1203 1570
1123 1163 1162 1203 5.
1221 1164 1283 1204 Ad
1313 1165 1622 1205 Aeoiosiconem

174 1232 304 1273 refert
336 1231 583 1284 Dindorflus,
613 1235 728 1275 cuius
760 1233 997 1273 comoediae
1026 1233 1095 1273 Fr.
1127 1233 1183 1273 XI
1214 1233 1414 1274 conferas.

849 1353 961 1395 V111.

253 1430 330 1474 Ἐν
368 1434 457 1483 τοῖς
494 1430 641 1490 ὄρεσιν
677 1431 728 1475 δ’
770 1430 1086 1489 αὐτομάτοισιν
1120 1432 1174 1475 τά
1207 1431 1440 1488 μιμαίκυλ’
1468 1430 1620 1489 ἐφύετο

944 1513 1099 1558 πολλά.

284 1619 520 1662 Athenaeus
550 1619 589 1659 11
620 1632 660 1672 p.
688 1607 744 1658 50
773 1620 832 1659 E:
874 1616 1024 1658 Ταῦτα
1054 1614 1078 1659 ὁ
1116 1613 1463 1669 Ἀσκληπιάδης,
1494 1615 1618 1672 φησί,

172 1701 249 1742 μοι
285 1687 404 1729 δοκεῖ
434 1687 570 1741 λέγειν
607 1687 702 1742 περὶ
743 1699 830 1741 των
861 1684 1135 1741 μιμαικύλων
1175 1716 1229 1722 —
1275 1685 1618 1742 Ἀριστοφάνης·

169 1754 250 1799 Ἐν
277 1759 367 1807 τοῖς
395 1754 540 1811 ὄρεσιν
569 1755 663 1798 αὐτ.
693 1754 747 1796 τά
774 1771 871 1810 μιμ.
902 1754 1060 1811 φύεται
1088 1754 1240 1799 πολλά.
1309 1759 1494 1800 Correxit
1522 1760 1619 1799 Din-

171 1829 341 1879 dorfius,
364 1829 438 1869 sed
467 1829 656 1881 displicet
684 1822 829 1880 ὄρεσιν
857 1823 1184 1881 αὐτομάτοισιν
1225 1830 1367 1869 Potius
1384 1824 1438 1867 τὰ
1465 1823 1620 1880 μιμαί-

171 1896 278 1938 κυλα
309 1899 389 1938 dici
419 1898 623 1938 debebant
650 1893 900 1950 αὐτόματα,
941 1900 1078 1951 itaque
1121 1900 1256 1940 nescio
1290 1912 1340 1940 an
1370 1898 1533 1952 gravius
1560 1898 1617 1937 vi-

172 1969 274 2009 tium
302 1968 550 2008 contraxerit
577 1967 644 2007 hio
670 1968 799 2009 locus.

861 2077 932 2116 IX.

614 2154 726 2210 ’'Aye
755 2170 832 2198 νυν
861 2154 937 2205 τὰς
964 2154 1217 2211 ἀμυγδαλᾶς
1247 2154 1396 2217 λαβών

391 2238 521 2281 τασδὶ
550 2236 737 2292 κάταξον
766 2239 817 2298 τῇ
846 2239 1011 2297 κεφαλῇ
1040 2239 1204 2282 σαυτοῦ
1232 2238 1360 2296 λίθῳ.

280 2353 481 2396 Athenaei
513 2354 690 2406 epitome
723 2354 760 2393 11
791 2368 830 2406 p.
855 2354 909 2393 53
939 2355 996 2394 A:
1026 2348 1305 2405 Ἀμυγδαλὰς
1332 2347 1616 2405 Ἀρίσταρχος

170 2423 245 2464 καὶ
280 2420 359 2463 τὸν
394 2419 562 2476 καρπὸν
597 2421 669 2461 καὶ
706 2418 756 2461 τὸ
795 2420 973 2476 δένδρον
1019 2417 1177 2474 ὁμοίως
1215 2420 1476 2477 προφέρεται
1513 2417 1612 2461 κατ’

171 2489 314 2543 ὀξεῖαν
351 2486 491 2532 τάσιν.
553 2485 784 2540 Φιλόξενος
814 2488 863 2531 δ’
893 2487 1138 2546 ἀμφότερον
1163 2489 1364 2546 περισπᾷ.
1402 2517 1455 2523 —
1487 2486 1612 2542 Ἀρι-

171 2556 393 2615 στοφάνης
421 2557 534 2614 ''Aye
565 2572 643 2601 νυν
666 2559 755 2602 κτλ.
826 2563 897 2605 Vs.
928 2564 950 2602 l
995 2563 1116 2615 vulgo
1153 2558 1242 2602 νῦν.
1299 2561 1483 2602 Correxit
1517 2560 1612 2600 Din-

171 2633 340 2674 dorfius.
396 2656 451 2664 —
508 2632 578 2674 Vs.
609 2633 635 2672 2
671 2627 725 2687 τῇ
752 2628 920 2687 κεφαλῇ
950 2632 1157 2673 Dobraeus
1186 2630 1236 2671 ad
1267 2629 1472 2682 Aristoph.
1504 2629 1612 2671 Pluti

170 2715 209 2745 v.
237 2702 334 2752 314,
363 2701 485 2755 vulgo
515 2698 593 2749 τὴν
619 2696 826 2755 κεφαλήν.
