1716 3164
617 179 709 226 ΓΗ
710 181 751 224 Ρ
756 178 1021 228 ΥΤΑΔΗΣ.
1444 193 1523 235 1⁰1
1531 195 1553 235 1

90 301 154 338 ter
175 290 453 349 χαριεντίζεις
480 296 693 349 scriptum.
743 298 934 353 Increpat
961 300 1025 342 his
1055 302 1191 345 verbis
1220 303 1392 356 chorus,
1422 309 1469 348 ut
1495 306 1554 348 vi·

4 399 5 406 ,
88 367 223 418 detur,
253 367 414 422 legatos
444 367 539 409 illos
568 368 768 422 pessimos
797 369 999 413 homines.

778 491 869 533 XV.

375 569 579 628 Ψίθυρός
609 587 652 613 τε
681 551 820 615 καλοῦ
847 575 922 615 καὶ
953 572 1236 631 ψωμοκόλαξ.

199 686 437 727 Athenaeus
467 685 526 729 VI
556 700 597 740 p.
627 688 707 727 261
741 689 801 729 F:
847 683 1170 742 Ψωμοκόλακος
1207 687 1254 729 δὲ
1296 687 1560 744 μνημονεύει

87 746 414 809 Ἀριστοφάνης
450 757 536 805 (ita
566 758 741 799 Casaub.
781 760 875 799 libri
908 754 1213 814 Ἀντιφάνης)
1248 758 1295 800 ἐν
1324 758 1560 820 Γηρυτάδῃ

86 817 244 873 οὕτως·
292 823 497 881 Ψίθυρος
524 825 616 869 κτλ.
685 829 766 869 Pro
804 827 942 869 καλοῦ
979 832 1117 872 malim
1155 829 1283 871 καλεῖ
1314 834 1559 876 restituere:

87 892 357 949 ψωμοκόλαξ
386 899 587 952 epitome,
627 898 747 940 codd.
777 897 924 951 κόλαξ.
983 902 1098 941 Haec
1127 902 1168 942 in
1200 903 1369 945 eosdem
1399 903 1560 959 legatos

88 967 212 1008 dicta.

262 1103 370 1147 Τότε
400 1108 481 1159 μὲν
508 1102 731 1162 (Διόνυσὲ)
764 1124 847 1152 σου
874 1105 1237 1163 κατεκοττάβιζον
1265 1107 1378 1166 (ἄν),

261 1191 360 1232 νυνὶ
391 1192 438 1232 δέ
467 1205 550 1233 σου
578 1193 829 1249 κατεμοῦσι,
859 1192 972 1250 τάχα
1003 1191 1053 1236 δ’
1082 1184 1131 1235 εὗ
1159 1185 1248 1235 οἷδ’
1281 1188 1352 1237 ὅτι

258 1276 333 1317 καὶ
362 1277 696 1332 καταχέσονται.

205 1390 351 1431 Pollux
384 1393 438 1433 VI
472 1392 576 1432 111:
619 1387 682 1431 Ού
720 1389 810 1445 μὴν
849 1390 966 1432 εἴποι
1004 1388 1061 1431 ἄν
1096 1405 1161 1440 τις
1209 1388 1259 1432 τὸ
1296 1389 1568 1447 κοτταβίζειν

92 1455 169 1515 ἐφ’
203 1452 257 1501 οὗ
285 1460 384 1511 νῦν,
422 1457 534 1501 ἀλλὰ
563 1461 680 1514 ε’μεῖν
709 1457 738 1512 ἢ
767 1458 1050 1515 ἀποβλύζειν,
1091 1459 1207 1512 πλὴν
1238 1460 1282 1501 εἴ
1304 1476 1371 1512 τις
1398 1460 1568 1514 παίζειν

56 1527 63 1536 ’
96 1526 302 1583 βούλοιτο
342 1527 479 1580 οὕτως
518 1527 776 1572 ὑποπτεύων
812 1530 862 1573 τὸ
892 1532 939 1573 ἐν
967 1531 1027 1590 τῷ
1057 1528 1292 1588 Γηρυτάδῃ
1322 1528 1401 1573 ὑπ’
1433 1529 1568 1588 Ἀρι-

97 1598 348 1656 στοφάνους
384 1596 632 1657 εἰρημένον·
674 1599 782 1643 Τότε
818 1602 899 1656 μέν
929 1616 1011 1643 σου
1050 1598 1435 1655 κατεκοττάβιζον,
1470 1603 1570 1644 νυνὶ

98 1671 144 1713 δὲ
173 1671 410 1726 κατεμοῦσι
429 1673 520 1713 κτλ.
557 1675 854 1728 Redintegravi
878 1687 1021 1715 versus
1051 1688 1100 1715 ex
1133 1675 1384 1724 coniectura,
1414 1674 1570 1715 Bacchi

98 1757 248 1785 nomen
278 1745 402 1785 facile
432 1744 567 1797 potuit
596 1746 812 1785 excidere:
843 1745 1053 1786 Bacchum
1083 1751 1235 1795 autem,
1259 1745 1442 1786 musicae
1471 1744 1571 1786 artis

98 1815 341 1868 principem,
368 1815 576 1856 infelicem
599 1815 811 1869 praedicat
840 1815 1003 1867 aliquis,
1033 1815 1144 1868 quod
1174 1829 1198 1856 a
1227 1814 1362 1868 poetis
1390 1817 1452 1854 tot
1479 1818 1572 1867 tun-

98 1889 244 1938 tasque
274 1887 542 1927 contumelias
562 1885 840 1940 perpetiatur:
870 1899 1005 1938 neque
1035 1887 1178 1927 dubito
1210 1886 1309 1938 quin
1340 1889 1573 1926 extremum

99 1955 203 1996 illud
233 1955 284 1995 ad
316 1956 522 1997 Cinesiam
561 1957 820 2010 potissimum
858 1957 1085 2010 pertineat,
1125 1957 1179 1997 de
1218 1956 1335 1996 cuiun
1372 1953 1573 2008 spurcitie

100 2025 184 2068 vid.
215 2026 416 2069 Meineke
446 2027 463 2067 1
493 2041 534 2080 p.
563 2028 652 2068 227
680 2040 768 2080 sqq.

778 2143 910 2187 XVII.

274 2223 453 2280 Φὴμαις
481 2215 562 2267 οἶν
588 2224 667 2279 ἐγώ
702 2226 874 2282 βροτῶν
902 2220 1104 2274 ἅπαντας
1133 2222 1392 2275 ἐκλαπῆναι.

219 2339 440 2378 Erotianus
478 2351 519 2391 p.
551 2338 633 2377 148
671 2338 737 2378 ed.
776 2340 936 2380 Franz:
971 2332 1318 2386 Ἐκλαπήσεται·
1357 2330 1459 2375 ἀντὶ
1496 2330 1578 2375 τοῦ

110 2402 427 2461 ἔκγλυφήσεται
466 2406 540 2446 καὶ
578 2403 966 2458 ἐκγεννηθήσεται.
1034 2403 1092 2454 ὠς
1129 2406 1204 2446 καὶ
1241 2400 1576 2460 Ἀριστοφάνης

108 2474 156 2516 ἐν
183 2472 416 2532 Γηρυτάδῃ
446 2473 582 2530 φησί·
615 2472 787 2530 φήμαις
815 2475 907 2519 κτλ.
967 2479 1059 2518 Νοη
1092 2477 1279 2530 expedio.

772 2600 928 2643 XVIII.

222 2682 461 2724 Athenaeus
474 2683 572 2725 XIV
588 2695 630 2735 p.
647 2683 732 2723 65⁰
747 2685 806 2725 1⁴2:
842 2681 940 2723 Τῶν
954 2678 1036 2737 γὰρ
1065 2675 1359 2734 ἀπυρήνων
1378 2677 1581 2740 (ῥοῶν)
1645 2662 1648 2665 ’

112 2745 439 2806 Ἀριστοφάνης
467 2778 520 2784 --
550 2749 814 2806 μνημονεύει
845 2779 891 2785 —-
925 2752 1000 2794 καὶ
1027 2750 1075 2792 ἐν
1103 2745 1352 2806 Γηρυτάδῃ.

1206 2821 1262 2861 64
1301 2824 1319 2845 t
