1716 3164
595 580 651 634 L
692 580 751 636 Y
801 579 847 637 S
894 580 927 636 I
964 581 1017 637 P
1054 581 1106 637 P
1147 582 1203 639 U
1243 583 1308 640 S.

676 682 802 729 (nist.
834 683 920 723 crit.
952 696 991 736 p.
1023 684 1104 724 215
1133 687 1240 738 sqq.)

641 898 1280 955 BAKXA1.*)

946 1024 976 1062 Ῑ.

295 1105 353 1148 A.
377 1100 568 1164 ’Ἑρμων,
598 1105 641 1148 τί
668 1104 773 1159 ἔστι,
802 1108 891 1157 πῶς
920 1106 1090 1163 ἕχομενς
1118 1108 1175 1152 Β.
1205 1108 1248 1151 τί
1277 1109 1327 1152 δ’
1355 1109 1460 1154 ἄλλο
1490 1110 1532 1166 γ’
1565 1111 1594 1163 ἤ

297 1187 322 1230 ὁ
350 1188 494 1246 πατὴρ
523 1187 700 1232 ἄνωθεν
729 1190 771 1240 ἐς
799 1190 848 1234 τὸ
879 1192 1030 1248 φρέαρ,
1060 1192 1158 1246 ἐμοὶ
1186 1192 1338 1245 δοκεῖν,

296 1266 442 1329 ὥσπερ
469 1272 547 1315 ’τὸν
576 1265 698 1316 οἶνον
727 1273 805 1316 τοῦ
833 1275 1007 1331 θέρους,
1036 1278 1303 1320 καθεικέναι.

353 1381 592 1422 Athenaeus
623 1382 683 1421 111
712 1395 753 1434 p.
785 1382 927 1423 124d:
966 1375 1036 1423 ὅτι
1078 1382 1124 1424 δὲ
1160 1383 1235 1424 καὶ
1273 1380 1350 1423 τὸν
1378 1372 1499 1423 οἶνον
1527 1378 1691 1435 ἔψυχον

243 1445 349 1503 ὑπὲρ
377 1447 456 1489 τοῦ
483 1446 750 1505 ψυχρότερον
778 1447 914 1491 αὐτὸν
942 1450 1082 1492 πίνειν
1111 1450 1323 1508 Στράττις
1351 1453 1488 1507 φησὶν
1515 1450 1561 1491 ἐν
1597 1451 1692 1492 Ψυ-

242 1518 429 1572 χασταῖς
467 1521 664 1574 (Fragm.
696 1521 752 1571 1)
789 1519 864 1560 καὶ
901 1517 924 1561 ὁ
951 1518 1183 1572 Λύσιππος
1211 1522 1257 1563 ἐν
1291 1518 1485 1575 Βάκχαις
1512 1514 1691 1574 (Ἕρμων

247 1584 292 1627 τί
321 1584 414 1628 ἔστι
441 1587 530 1630 κτλ.
588 1585 783 1642 Βάκχαις
812 1592 985 1633 casaub.
1016 1594 1080 1634 ed.
1112 1593 1303 1634 secunda.
1333 1587 1505 1643 βάκχοις
1534 1591 1692 1632 ABVL.

248 1680 303 1690 —
335 1659 449 1700 Vae
479 1661 515 1700 A
542 1658 619 1711 μοὶ
649 1656 802 1700 δοκεῖν.
840 1661 873 1701 G
901 1673 978 1712 μοι
1009 1660 1161 1703 δοκεῖν.
1194 1663 1264 1703 VL
1291 1658 1351 1713 μὴ
1382 1658 1534 1700 δοκεῖν.
1594 1661 1694 1699 Por-

249 1739 374 1768 sonus
403 1728 505 1768 Adv.
535 1742 576 1781 p.
606 1729 688 1768 275
725 1723 838 1780 ἡμᾶς
869 1726 1031 1779 δοκεῖν,
1068 1736 1114 1772 ut
1142 1727 1254 1783 ἡμᾶς
1283 1731 1459 1783 pendeat
1488 1743 1512 1770 a
1539 1727 1696 1768 καθει-

247 1794 382 1838 κέναι.
439 1799 633 1838 Fortasse
672 1793 696 1837 ὁ
731 1794 879 1852 πατήρ
909 1795 961 1853 μ’
994 1796 1185 1842 ἄνωθεν.
1224 1825 1278 1833 —--
1318 1799 1387 1841 vs.
1418 1800 1444 1839 3
1485 1800 1695 1839 Dobraeus

249 1866 353 1906 Adv.
383 1866 422 1906 11
448 1879 488 1919 p.
517 1867 600 1907 304
628 1867 807 1907 καθεῖκέ
833 1882 887 1920 με
959 1871 1186 1910 Infinitivus
1215 1864 1528 1915 ἀνακολούθως
1558 1868 1697 1908 illatus

251 1934 426 1984 videtur,
463 1940 509 1976 ut
536 1937 578 1977 in
606 1938 706 1979 locis
735 1939 787 1978 ad
816 1939 995 1979 Theocr.
1015 1939 1096 1980 XII
1129 1939 1183 1981 14
1211 1938 1410 1979 indicatis.

943 2064 997 2104 11.

609 2141 804 2201 Βλαύτῃ,
835 2141 1050 2201 κοθόρνῳ,
1084 2140 1330 2184 (Datamen.

368 2243 515 2283 Pollux
542 2244 622 2286 Vn
650 2247 728 2286 89:
757 2245 832 2286 καὶ
865 2242 1072 2292 Θετταλὶς
1102 2242 1147 2283 δὲ
1175 2239 1382 2297 ὑπόδημα
1409 2239 1577 2297 μηνῦον
1604 2238 1702 2290 τοὺς

256 2306 438 2365 εὑρετάς.
468 2311 686 2365 μέμνηται
711 2311 760 2354 δ’
793 2311 927 2355 αὐτοῦ
954 2310 1186 2362 Λύσιππος
1214 2312 1260 2353 ἐν
1287 2309 1480 2367 Βάκχαις
1508 2307 1701 2367 Βλαύτῃ,

255 2377 472 2437 κοθόρνῳ,
520 2379 763 2425 Θετταλίδι.
848 2386 1078 2438 Stephanus
1120 2387 1218 2437 Byz.
1262 2398 1303 2436 p.
1333 2385 1437 2424 394:
1493 2379 1585 2422 ἔστι
1629 2380 1702 2420 καὶ

263 2446 470 2497 Θετταλὶς
498 2445 705 2503 ὑπόδημά
734 2465 775 2492 τι
798 2451 938 2503 ποιόν,
966 2449 1023 2500 αἷς
1055 2448 1285 2500 Λύσιππος
1314 2452 1453 2500 (codd.
1469 2446 1628 2502 Λύσις)
1657 2449 1703 2489 ἐν

259 2514 467 2572 Βάκχαις.
526 2524 587 2563 De
617 2517 784 2578 βλαύτῃ
813 2524 907 2564 vide
937 2524 987 2564 ad
1018 2523 1234 2575 Hermippi
1261 2521 1395 2563 Moer.
1415 2522 1634 2575 Fragm.11
1663 2522 1704 2561 4.

351 2661 384 2706 ⁴²)
410 2664 449 2697 v,
474 2664 562 2698 Hist.
588 2666 661 2698 crit.
688 2678 718 2708 p.
744 2667 823 2701 216.
