1716 3164
144 146 252 193 1108
668 139 1077 184 ARlSTOPHANlS

144 258 268 299 maris
297 254 475 307 Aegaei,
516 253 555 292 in
595 252 740 304 quibus
782 251 912 291 omnis
957 251 1015 291 vis
1053 256 1093 290 et
1131 251 1255 291 robur
1286 252 1589 294 Atheniensium

144 326 394 380 principatus
437 322 615 375 positum
658 325 768 370 erat,
813 320 1027 360 durissima
1066 332 1163 359 usae
1207 322 1436 362 conditione
1477 324 1590 370 (nam

144 395 252 448 quod
283 392 520 445 Euphemus
551 388 814 430 Atheniensis
843 390 950 441 apud
981 389 1169 441 Thucyd.
1202 390 1256 430 V1
1287 390 1341 429 85
1372 392 1488 431 dicit:
1518 391 1591 431 καὶ

143 462 223 517 γὰρ
254 458 353 510 τοὺς
382 459 468 500 ἐκεῖ
493 454 758 511 συμμάχους,
787 455 844 506 ὡς
875 456 1045 497 ἕκαστοι
1071 453 1288 510 χρήσιμοι,
1319 456 1592 510 ἐξηγούμεθα

148 528 285 579 Χίους
327 530 401 571 καὶ
441 525 771 580 ΒΙηθυμναίους
813 526 918 567 νεῶν
957 526 1125 584 παροχῇ
1163 523 1451 580 αὐτονόμους,
1498 527 1594 576 τοὺς

148 600 194 642 δὲ
223 598 406 647 πολλοὺς
430 593 664 652 χρημάτων
694 594 940 651 βιαιότιρον
959 597 1092 652 φορᾷ,
1121 593 1276 645 ἄλλους
1307 597 1350 636 δὲ
1380 596 1453 637 καὶ
1484 592 1597 636 πάνυ

148 670 386 725 ἐλευθέρως
424 664 779 721 συμμαχοῦντας,
820 663 1225 720 καίπερσνησιώτας
1263 664 1392 714 ὄντας
1429 666 1502 706 καὶ
1531 662 1596 706 «εὐ-

149 736 357 790 λήπτους,
397 739 439 778 id
470 738 711 790 speciosius,
741 750 859 788 quam
891 736 1024 776 verius
1057 738 1228 786 dictum,
1269 738 1519 789 maximeque
1548 738 1598 777 ad

149 811 330 850 minores
358 807 511 847 insulas
542 805 807 845 referendum
838 807 928 850 est)
967 806 1099 844 statim
1131 811 1223 857 post
1252 807 1504 846 Siciliensem
1534 819 1599 846 ca-

149 879 371 919 lamitatem
409 877 458 915 ab
498 875 807 916 Atheniensium
845 874 1040 914 societate
1080 875 1341 924 defecerunt,
1380 880 1424 915 ut
1461 876 1599 924 Chius,

146 947 340 995 Rhodus,
386 945 570 994 Andrus,
601 945 791 992 Euboea,
821 943 938 992 aliae,
965 945 1257 996 propemodum
1296 958 1436 984 omnes
1475 957 1599 984 novas

149 1030 216 1058 ren
253 1015 548 1063 moliebantur,
591 1018 636 1052 ut
675 1014 879 1064 Corcyra,
920 1013 1087 1052 Lesbus.
1153 1015 1205 1053 At
1235 1026 1325 1054 cum
1355 1013 1599 1061 Alcibiades,

149 1087 218 1140 qui
249 1083 494 1125 defectionis
538 1088 680 1122 auctor
723 1086 765 1120 et
794 1082 983 1133 princeps
1013 1082 1166 1131 fuerat,
1203 1083 1243 1122 in
1274 1083 1443 1134 gratiam
1474 1083 1601 1122 Athe-

147 1155 348 1197 niensium
386 1152 594 1200 rediisset,
647 1151 908 1202 insignesque
948 1151 1137 1190 victorias
1178 1150 1229 1190 de
1268 1151 1600 1191 Lacedaemoniis

148 1226 420 1280 reportasset,
459 1221 582 1260 etiam
620 1219 722 1260 socii
764 1219 949 1270 plerique
990 1220 1064 1259 sub
1105 1223 1346 1271 potestatem
1377 1220 1601 1260 Athenien·
1643 1205 1654 1209 ⁹

148 1294 252 1335 sium
282 1291 450 1340 redacti,
480 1302 613 1342 neque
641 1300 739 1328 vero
758 1288 966 1327 meliorem
997 1301 1116 1339 quam
1148 1294 1266 1329 antea
1295 1289 1498 1329 fortunam
1531 1303 1599 1330 ex-

149 1354 256 1417 perti
293 1365 411 1408 sunt,
448 1360 544 1411 quin
575 1358 847 1398 Athenienses
880 1370 956 1408 qua
988 1363 1103 1397 erant
1138 1359 1300 1398 levitate
1331 1361 1601 1411 superbiaque

112 1421 114 1423 ¹
150 1431 336 1485 graviora
366 1429 488 1468 etiam
514 1440 638 1467 onera
667 1426 786 1465 sociis
815 1426 1110 1477 imposuerunt,
1157 1428 1266 1478 quod
1297 1428 1457 1480 Olymp.
1488 1430 1600 1469 XCll

152 1489 305 1558 factum
347 1503 422 1539 est.
492 1497 611 1536 Circa
649 1495 749 1535 illud
786 1495 909 1546 igitur
948 1499 1108 1547 tempus
1139 1503 1259 1548 poeta
1288 1498 1393 1538 hanc
1422 1500 1600 1541 fabulam

155 1570 345 1610 docuisse
382 1567 567 1614 videtur,
605 1565 646 1605 in
676 1577 754 1616 qua
784 1569 925 1603 auctor
954 1564 1031 1604 fuit
1060 1566 1345 1617 popularibus,
1383 1573 1427 1608 ut
1457 1583 1601 1611 secun-

155 1640 246 1679 dam
284 1638 490 1676 fortunam
529 1648 659 1686 aequo
690 1634 847 1674 ferrent
877 1634 1010 1673 animo
1041 1635 1230 1686 pacisque
1271 1639 1602 1689 tranquillitatem

154 1708 253 1748 belli
293 1706 439 1746 dubiae
476 1704 666 1744 fortunae
695 1704 972 1757 praeferrent,
1013 1717 1116 1744 neve
1156 1705 1306 1746 insulas
1336 1709 1526 1760 superbia
1554 1711 1604 1750 ad

157 1776 430 1818 defectionem
460 1776 666 1827 cogerentss

870 1851 901 1890 Ι.

339 1923 406 1973 Ὢ
437 1931 564 1987 μῶρε,
594 1929 722 1987 μῶρε,
753 1929 897 1972 πάντα
927 1927 1054 1971 ταῦτ’
1082 1929 1128 1970 ἐν
1158 1929 1257 1988 τῇδ’
1285 1930 1349 1975 ἔνι

364 2010 508 2056 Οἰκεῖν
535 2016 614 2068 μὲν
643 2012 778 2069 ἀργὸν
806 2011 943 2055 αὐτὸν
970 2012 1016 2054 ἐν
1045 2011 1107 2070 τῷ
1132 2013 1266 2070 γηδίῳ

356 2091 665 2151 ἀπαλλαγέντα
693 2096 780 2138 τῶν
808 2094 906 2138 κατ’
939 2093 1103 2151 ἀγορὰν
1131 2095 1409 2152 πραγμάτων,

350 2182 608 2236 κεκτημένον
636 2177 853 2236 ζευγάριον
880 2176 1036 2221 οἰκεῖον
1062 2179 1197 2233 βοοῖν,

296 2269 323 2308 5
353 2263 488 2307 ἔπειτ’
516 2262 688 2307 ἀκούειν
716 2261 965 2320 προβατίων
994 2262 1291 2317 βληχωμένων,

358 2346 511 2405 τρυγός
538 2363 583 2389 τε
612 2346 764 2403 φωνὴν
792 2342 850 2396 εἰς
879 2342 1060 2395 λεκάνην
1087 2343 1360 2401 ω’θουμὲνης,

351 2429 451 2489 ὄψῳ
480 2447 525 2473 τε
548 2431 752 2487 χρῆσθαι
781 2428 1016 2478 σπινιδίοις
1046 2444 1089 2470 τε
1117 2430 1192 2471 καὶ
1220 2429 1402 2486 κίχλαις,

353 2516 428 2556 καὶ
456 2515 516 2569 μὴ
548 2515 787 2569 περιμένειν
815 2514 859 2567 ἐξ
886 2511 1046 2570 ἀγορᾶς
1075 2509 1259 2569 ἰχθύδια

356 2600 542 2652 τριταῖα,
572 2597 857 2653 πολυτίμητα,
889 2597 1243 2653 βεβασανισμένα

353 2679 425 2721 ἐπ’
455 2677 735 2736 ἰχθυοπώλου
760 2681 873 2739 χειρὶ
898 2679 1261 2738 παρανομωτάτῃ.
