1716 3164
306 147 816 196 ΘΕΣΜΟΦΟΡΙΑΖΟ
827 147 977 192 ΥΣΑΙ
1009 146 1335 191 ΔΕΥΤΕΡΛΙ.
1451 151 1562 194 1081

88 271 208 325 plane
227 273 494 322 praepostera
526 271 567 308 et
597 269 729 308 otiosa
758 267 877 315 haec,
907 266 942 305 si
973 274 1243 318 praegressus
1275 268 1339 304 est
1366 265 1440 305 ille
1469 278 1564 307 ver-

84 353 176 399 sus,
216 340 285 391 qui
327 339 436 392 apud
476 339 737 379 Clementem
767 337 942 389 legitur3
981 348 1030 376 ac
1071 335 1222 389 desunt
1261 335 1332 376 illa
1368 337 1411 377 in
1443 337 1565 380 codd.

83 409 378 463 langermanni
408 414 451 450 et
481 409 648 450 Kuhnii.
708 433 763 440 -——
823 407 895 448 Vs.
928 407 982 445 10
1022 409 1118 446 ante
1147 400 1350 459 πλάστρα
1381 407 1566 450 Pollucis

85 479 180 519 libri
220 477 435 534 τίγαστρα
472 479 539 520 vel
576 473 821 532 τρίγαστρα
860 475 1070 524 inferunt,
1122 477 1233 527 quod
1282 482 1399 517 recte
1442 480 1564 520 deest

0 540 2 585 ἶ
86 549 196 602 apud
227 550 499 591 Clementem.
570 543 808 588 Μαλάκιον
845 547 999 599 legitur
1039 547 1163 599 vulgo
1195 547 1304 599 apud
1336 548 1566 601 Pollucem,

0 658 1 661 ,
89 620 285 661 Clemens
314 615 534 674 μολόχιον,
565 620 743 671 deniqne
765 618 955 667 Phanas,
982 617 1052 668 qui
1083 616 1195 657 hunc
1224 618 1363 658 locum
1394 621 1567 673 respicit

0 697 1 703 ’
85 703 127 743 p.
155 692 240 732 244
269 693 317 732 2:
362 685 624 744 Μαλάχιου,
669 689 825 741 inquit,
875 683 1042 740 κόσμος
1083 685 1272 740 χρυσοῦς
1308 690 1566 740 γυναικεῖος.

84 752 221 809 οὕτως
259 755 602 816 Ἀριστοφάνης.
659 760 787 812 idque
825 759 959 812 ipsum
998 759 1145 811 reponi
1174 759 1295 800 iussit
1326 760 1570 803 Dindorfius

82 832 326 886 videturque
367 847 467 874 saue
510 833 616 872 haec
660 829 795 870 forma
838 829 881 870 iu
927 830 1084 882 aliquot
1128 831 1338 871 codicibus
1386 833 1570 886 antiquis

0 911 1 915 ’
81 902 190 944 lecta
220 917 327 953 esse,
358 909 399 944 at
423 896 643 956 μαλάκιον
666 900 830 939 videtur
854 900 992 941 Attico
1025 902 1206 941 sermoni
1239 903 1570 954 convenientius,

81 973 220 1025 itaque
250 974 398 1014 Pollux
427 974 464 1015 V
494 973 550 1012 98
581 971 748 1013 exhibet
779 968 855 1010 cfr.
886 970 1151 1023 Hesychius:
1191 968 1451 1012 Mazczmov·
1493 986 1571 1026 yv-

82 1042 272 1082 ναικεῖον
301 1038 557 1096 κοσμάριον.
612 1047 656 1083 et
685 1041 745 1081 sic
772 1040 812 1080 in
845 1040 994 1080 Naevii
1025 1041 1219 1095 Lycurgo
1249 1044 1357 1095 apud
1389 1045 1571 1086 Nonium

82 1126 122 1154 v,
151 1116 361 1156 crocotula
391 1116 513 1167 lege:
542 1113 713 1163 ‚‚Pallis‚
743 1111 933 1164 patagiis,
966 1112 1160 1162 crocotis,
1191 1113 1403 1165 malae-iis,
1433 1117 1571 1156 moni-

86 1183 242 1226 libus.’'
300 1181 489 1239 βότρυν]
531 1182 794 1236 Hesychius:
834 1178 1078 1236 Βοτροιδία
1110 1179 1422 1238 (Βοτρύδια)·
1457 1184 1569 1225 ἐνω-

85 1251 249 1308 ταρίων
283 1245 412 1303 εἶδος,
471 1252 515 1294 οἱ
552 1251 598 1293 δὲ
642 1248 814 1306 βότρυς.
874 1246 903 1302 ἢ
938 1247 1390 1309 Θεσμοφοριάζουσιν.
1448 1261 1568 1298 recte

84 1326 323 1368 Dindorfius
358 1320 839 1380 Θεσμοφοριαζούσαις,
881 1324 955 1365 sed
989 1326 1280 1379 Aristophanis
1306 1339 1456 1368 nomen
1484 1340 1570 1370 nou

83 1409 257 1439 necesse
288 1403 350 1439 est
382 1399 564 1438 restitui.
621 1422 677 1428 --
720 1396 792 1438 Vs.
825 1396 876 1435 ll
904 1392 1102 1448 χλίδωνα
1134 1397 1374 1438 Dindorfius
1404 1398 1571 1451 scripsit
1642 1416 1651 1420 ³

84 1481 135 1510 ex
174 1469 388 1510 Theodosi
423 1467 711 1509 adnotatione:
769 1461 836 1510 Ἠ
874 1460 934 1514 εἰς
976 1463 1066 1505 ὃων
1104 1462 1298 1520 λήγοντα
1341 1463 1570 1522 βαρύτονα

89 1534 337 1592 δισύλλαβα
364 1535 440 1579 ὐιὰ
470 1536 549 1578 τοῦ
576 1539 610 1577 ὡ·
636 1532 827 1576 κλίνεται
870 1563 927 1570 --
964 1534 1132 1591 χλιδῶν
1163 1550 1294 1588 ωνος,
1327 1537 1566 1593 στημαὶνει
1612 1528 1615 1529 ⁷

87 1607 136 1649 δὲ
157 1607 234 1649 τὸν
263 1611 361 1664 περὶ
381 1606 482 1658 τοὺς
502 1603 742 1664 βραχίονας
771 1602 972 1659 κείμενον
1000 1604 1183 1662 κόσμον,
1214 1611 1338 1664 vulgo
1352 1608 1567 1664 χλιδῶνα.

86 1676 330 1735 ἀμφιδέας]
363 1682 661 1735 Harpocratio:
697 1674 970 1733 Ἀμῑμδέαι-
1003 1674 1088 1720 εἰσὶ
1120 1678 1413 1734 περισκελίὸες
1441 1682 1570 1730 τινές.

83 1744 418 1806 Ἀριστοφάνης
443 1744 921 1804 Θεσμοφοριαζούσαις.
955 1777 1008 1783 -
1042 1753 1186 1793 Vs,12
1218 1752 1363 1792 Pollux
1395 1753 1432 1793 X
1462 1754 1570 1794 167:

85 1817 142 1863 ‘H
164 1822 210 1862 δὲ
230 1816 382 1871 ἅλυσις
403 1818 456 1862 οὐ
474 1818 613 1875 μόνον
634 1821 707 1862 ἐπὶ
728 1820 807 1861 τοῦ
828 1819 1007 1875 δεσμοῦ,
1039 1817 1153 1860 ἀλλὰ
1182 1820 1258 1860 καὶ
1287 1820 1359 1861 ἐπὶ
1390 1821 1470 1862 τοῦ
1494 1836 1571 1876 yv-

89 1889 282 1934 ναικείου
301 1889 470 1947 κόσμου
491 1889 754 1947 ὠνόμασται
772 1891 892 1946 παρὰ
920 1887 1266 1948 Ἀριστοφάνει·
1291 1890 1570 1948 Σᾳραγῖδας,

89 1960 277 2013 ἁλύσεις.
332 1961 715 2017 καταπλάσματα]
746 1961 1127 2017 καταπετάσματα
1147 1965 1308 2005 Pollux,
1338 1990 1396 1997 —
1426 1966 1498 2008 Vs.
1516 1966 1570 2006 13

93 2032 396 2090 Πομᾳόλυγας
425 2038 594 2089 respicit
623 2038 784 2077 Moeris
815 2052 856 2090 p.
888 2037 995 2076 301:
1026 2030 1358 2089 [[ομφόλυγας·
1392 2031 1446 2074 τὰ
1473 2033 1571 2090 δερ-

90 2103 250 2161 μάτια,
287 2101 319 2146 ὅτ’
345 2105 417 2146 ἐπὶ
447 2105 533 2146 τῶν
561 2106 766 2161 κεφαλῶν
796 2107 843 2146 αἱ
873 2107 1071 2159 γυναῖκες
1111 2103 1298 2160 ἔχουσιν.
1358 2102 1575 2160 Ἀριστο-

92 2174 237 2233 φάνης
269 2173 747 2232 Θεσμοφοριαζούσαις.
807 2173 1016 2228 ὀλίσβους
1046 2179 1166 2218 codd.
1198 2178 1383 2218 Pollucis
1414 2190 1572 2229 omnes,

91 2254 258 2302 praeter
286 2248 486 2290 Falkeub.
516 2251 586 2300 qui
615 2246 800 2295 σολλοὺς
831 2248 946 2299 βοεῖς
977 2249 1170 2296 exhibet3
1208 2249 1332 2300 vulgo
1370 2243 1574 2296 ὀλίσκους

94 2330 134 2357 v.
165 2319 244 2358 14:
281 2314 545 2370 υποὸερὶδας
583 2316 810 2359 Salmasius
850 2324 893 2357 et
924 2319 1175 2366 Brunckius,
1215 2319 1324 2370 apud
1357 2319 1574 2362 Pollucem

97 2388 220 2440 vulgo
251 2382 495 2441 ὑποόέρεις,
527 2389 648 2429 codd.
681 2389 890 2440 Iungerm.
925 2394 967 2427 et
997 2388 1152 2427 Kuhnii
1182 2382 1417 2440 ὑποόερεῖς.
1479 2391 1575 2431 Cle-

98 2471 215 2499 mens
244 2452 532 2510 ὑποθερίδας.
591 2459 691 2500 Post
720 2454 946 2512 ελικτῆρας
977 2459 1102 2510 vulgo
1134 2459 1247 2511 apud
1270 2459 1484 2524 Pollucem
1510 2461 1575 2502 le-

94 2529 228 2582 gitur:
256 2523 354 2566 ἄλ’λ
371 2523 455 2582 ἀφ’
482 2526 545 2567 ὠν
574 2523 675 2568 οὐδ’
700 2523 755 2568 αἰ)
783 2528 920 2581 λέγων
949 2526 1105 2578 λέξαις,
1135 2542 1245 2581 quae
1273 2542 1366 2570 cum
1398 2545 1422 2571 a
1449 2531 1572 2574 codd.

97 2599 389 2652 Iungermanni
427 2603 470 2639 et
499 2600 651 2640 Kuhnii
682 2601 842 2650 absint,
880 2613 959 2640 nec
997 2600 1109 2652 apud
1139 2599 1398 2642 Clementem
1428 2602 1573 2655 legan-

98 2672 187 2718 tur,
228 2670 350 2722 plane
391 2670 570 2710 delenda
605 2676 749 2713 censet
787 2671 1056 2719 Dindorfius,
1102 2670 1169 2710 cui
1204 2670 1298 2712 iure
1337 2672 1574 2726 refragatur

99 2737 353 2781 Fritzschius
381 2754 422 2794 p.
452 2740 523 2790 57,
561 2742 631 2794 qui
668 2742 834 2795 scripsit
861 2728 1148 2782 ἄλλα“πολλά
1175 2736 1254 2792 θ’,
1290 2730 1354 2781 οἶν
1383 2736 1484 2782 οὐδ’
1517 2735 1576 2780 ἂν
