1716 3164
172 223 255 262 900
683 217 1122 260 ARISTOPHANES.

175 330 339 385 Γῆρας,
371 330 450 369 vid.
479 327 599 368 infra.
641 328 723 368 lam
754 328 863 367 aliud
896 327 991 379 quid
1024 329 1173 380 iegitur
1202 330 1307 382 apud
1338 331 1486 371 Athen.
1516 330 1616 373 vlu

1713 211 1716 224 t

1713 226 1716 268 i

1714 388 1716 397 <

173 415 212 453 p.
238 400 381 439 37:3³2
411 397 598 442 κνιστοῖς
627 391 851 449 λαχάνοις·
883 389 995 436 οὕτω
1026 393 1074 435 δ’
1107 395 1268 449 εἴρηκεν
1293 393 1619 453 Ἀριστοφάνης
1643 435 1648 438 ,
1714 402 1716 420 “

172 468 218 506 ἐν
247 464 385 521 Δηλίᾳ
424 463 643 517 συγκοπτὰ
680 461 867 518 λάχανα·
909 461 1073 516 ,,κνίστ’
1110 460 1138 514 ἢ
1168 464 1431 518 στέμ(ρυλα.”
1502 471 1619 508 Hanc

173 550 335 589 quoque
372 536 548 575 fabulam
581 537 814 576 Meinekius
845 536 924 576 vol.
957 537 972 575 1
1003 549 1043 588 p.
1073 536 1154 574 329
1194 536 1432 587 Antiphani
1462 538 1617 577 adiudi-

173 610 258 655 cat,
290 606 477 657 equidem
509 604 722 656 aliquando
762 605 917 645 conieci
954 601 1389 655 Ἀπολλοφάνης
1431 602 1476 641 ἐν
1516 603 1618 643 Δα-

173 671 305 718 λίδι,
350 674 402 713 de
438 686 516 725 qua
555 673 693 713 fabula
734 675 826 714 vide
865 675 1046 715 Meinek.
1078 674 1094 712 1
1132 687 1172 725 p.
1202 675 1297 722 266,
1337 685 1478 712 verum
1519 673 1621 712 haec

172 745 406 784 coniectura
442 744 548 782 iusto
585 743 797 782 audacior:
835 739 973 791 Δηλία
1016 743 1179 795 Sophilz'
1218 746 1560 782 commemoratur
1597 756 1619 780 a

171 814 294 852 Suida
324 826 355 852 s.
385 824 422 851 v.
453 806 669 863 Σιόᾳιλος.’
735 807 875 858 Νίκας
904 825 1022 860 vero,
1060 808 1324 864 Στραῑειάς,
1354 809 1620 863 [[υθαγορι-

170 877 300 930 στήν,
335 875 624 932 Κιθαρωδόν,
668 876 918 928 Φιλωνίδην
947 893 1021 931 per
1050 893 1231 920 errorem
1261 881 1520 932 Aristophani
1551 880 1621 918 tri-

170 951 240 990 bui
272 954 383 989 recte
416 950 553 989 docuit
584 950 816 989 Dindortius
846 963 885 1002 p.
915 951 981 990 10.

283 1020 365 1058 Iam
398 1019 628 1058 Dindorfius
658 1031 749 1058 cum
780 1018 859 1058 hoc
889 1019 1009 1058 modo
1040 1031 1140 1069 quos
1171 1017 1251 1057 dixi
1282 1018 1420 1058 titulos
1451 1031 1621 1058 numero

172 1088 560 1139 Aristophanearum
600 1088 902 1128 comoediarum
939 1088 1159 1135 exemerit,
1203 1087 1468 1138 quadraginta
1505 1093 1619 1138 quat-

168 1161 261 1196 tuor
282 1157 461 1196 dramata
478 1161 680 1206 recenset,
709 1170 756 1196 ex
777 1169 856 1208 quo
887 1157 1047 1208 quidem
1078 1168 1247 1195 numero
1266 1167 1384 1194 unam
1407 1159 1621 1207 praeterea

168 1226 418 1265 comoediam
450 1227 735 1266 removendam
766 1239 934 1273 censeo,
974 1223 1260 1264 Aeolosiconis
1297 1224 1522 1263 editionem
1559 1223 1621 1261 al-

168 1300 324 1343 teram,
363 1308 467 1346 qnae
506 1308 588 1335 uno
632 1299 788 1334 tantum
829 1295 919 1333 ioco
950 1297 1290 1333 commemoratur
1329 1294 1377 1331 ab
1408 1293 1621 1331 Athenaeo

170 1363 228 1402 ΙΙΙ
259 1377 299 1415 p.
329 1364 412 1402 372
442 1366 496 1403 A:
535 1358 857 1416 Ἀριστοφάνης
893 1356 1183 1401 Αἰολοσίκωνι
1217 1359 1416 1414 δευτέρον
1455 1357 1539 1398 τῶν
1576 1356 1622 1397 δὲ

168 1427 354 1482 γηθύων
388 1427 535 1478 Ῥίζας
572 1427 753 1484 ἐχούσας
789 1428 1165 1485 σκοροδομίμητον
1205 1425 1352 1482 ᾳύσιν.
1420 1431 1531 1470 Alias
1572 1429 1621 1467 ah

170 1501 382 1540 Athenaeo
422 1500 594 1552 aliisque
625 1502 812 1540 omnibus
842 1501 1077 1540 auctoribus
1107 1501 1357 1539 Aeolosicon
1386 1498 1623 1549 simpliciter

171 1573 434 1618 memoratur,
463 1570 519 1608 ita
549 1575 594 1609 ut
625 1571 700 1608 hac
729 1571 887 1609 ratione
918 1583 1021 1620 quae
1045 1574 1259 1621 praeterea
1290 1582 1337 1608 ex
1354 1568 1623 1608 Aeolosicone

169 1637 448 1688 proferuntur,
478 1638 529 1677 ad
554 1639 738 1690 priorem
769 1644 908 1678 essent
937 1638 1167 1678 referenda.
1221 1641 1274 1679 At
1302 1638 1438 1676 sabula
1467 1637 1549 1685 ina,
1580 1641 1624 1674 nt

169 1707 234 1745 vel
265 1707 398 1760 ipsum
430 1719 577 1747 nomen
610 1709 765 1759 arguit,
808 1721 886 1747 non
918 1709 1049 1759 potuit
1079 1707 1200 1747 scribi
1239 1707 1313 1746 nisi
1346 1718 1394 1745 eo
1427 1711 1623 1756 tempore,

170 1787 249 1826 quo
287 1776 476 1827 antiquae
515 1778 752 1817 comoediae
782 1777 884 1816 ratio
915 1789 1081 1828 prorsus
1112 1777 1191 1816 fuit
1220 1778 1426 1815 immutata
1465 1779 1506 1813 et
1544 1776 1624 1812 iam

172 1844 363 1883 evanida:
405 1849 526 1896 atque
564 1851 723 1886 constat
753 1845 1068 1896 Aristophanem
1108 1846 1183 1884 suh
1227 1846 1349 1883 finem
1392 1844 1494 1881 vitae
1525 1842 1623 1880 scri-

173 1912 306 1962 psisse
336 1913 670 1963 A-eolosiconem‚
700 1927 818 1965 quam
848 1914 1026 1953 fabulam
1057 1915 1135 1952 iam
1165 1913 1317 1963 antiqui
1348 1913 1476 1951 critici
1508 1924 1623 1962 pror-

174 1990 242 2018 sus
293 1981 342 2018 ad
387 1983 544 2022 mediae
590 1983 826 2022 comoediae
870 1983 1173 2021 similitudinem
1217 1982 1435 2020 accessisse
1472 1981 1623 2025 dicunt,

173 2059 343 2098 eamque
371 2050 454 2088 filio
485 2053 670 2099 Armati,
703 2058 748 2090 ut
776 2052 891 2090 iilum
922 2052 1073 2103 populo
1105 2051 1419 2096 commendaret,
1450 2049 1623 2087 dedisse.

174 2117 255 2156 iam
299 2117 403 2156 haec
427 2117 569 2157 fabula
599 2132 677 2158 non
710 2124 844 2171 potest
876 2121 1080 2170 posterior
1118 2133 1210 2158 esse
1251 2119 1456 2164 recensio,
1497 2129 1625 2167 qnan-

171 2185 392 2236 doquidem
422 2193 742 2227 consentaneum
774 2193 837 2227 est
867 2194 1029 2239 poetam
1061 2189 1145 2226 filio
1177 2200 1346 2234 novam,
1378 2199 1456 2226 non
1486 2199 1624 2224 corre-

171 2258 275 2293 ctam
306 2255 486 2306 aliquam
515 2256 719 2304 fabulam,
744 2269 869 2307 quam
900 2257 950 2295 ab
979 2258 1067 2307 ipso
1097 2256 1323 2308 profectam
1354 2267 1444 2293 esse
1473 2253 1624 2292 scirent

172 2335 335 2370 omnes,
378 2337 563 2375 quaeque
606 2326 705 2364 nihil
745 2326 1114 2365 commendationis
1156 2325 1328 2363 haberet
1368 2336 1391 2362 a
1434 2323 1629 2369 novitate,

172 2391 450 2431 commisisset
487 2397 530 2431 et
568 2398 802 2444 praeterea,
839 2394 875 2431 si
916 2398 1034 2433 antea
1075 2394 1195 2433 aliam
1234 2393 1416 2431 eiusdem
1455 2390 1628 2430 nominis

172 2460 421 2498 comoediam
451 2462 693 2512 scripsisset,
723 2462 763 2499 id
794 2463 1025 2501 necessario
1056 2462 1207 2501 factum
1236 2465 1345 2500 esset
1373 2459 1630 2511 paucissimis·

172 2528 285 2566 annis
324 2533 418 2567 ante
453 2529 657 2580 (namque
696 2530 816 2569 Sicon
856 2535 970 2568 certe
1011 2543 1091 2570 non
1128 2530 1259 2582 potuit
1296 2535 1503 2580 tempore,
1544 2539 1624 2577 quo

176 2597 341 2645 antiqua
371 2598 506 2636 floruit
537 2598 773 2646 comoedia,
805 2600 1159 2648 commemor-nh)
1197 2603 1239 2637 et
1267 2598 1375 2637 idem
1405 2596 1495 2634 fere
1524 2595 1624 2634 fuis-

172 2669 235 2704 set
285 2671 582 2715 argumentum,
627 2672 672 2706 ut
709 2679 792 2706 aion
831 2670 1030 2707 continuo
1073 2667 1255 2719 potuerit
1300 2665 1442 2704 eadem
1489 2663 1628 2702 fabula

170 2734 324 2784 repeti:
367 2734 495 2773 multo
540 2736 672 2773 minus
716 2739 852 2781 autem
896 2741 1032 2787 potest
1077 2749 1124 2775 ea
1165 2734 1325 2781 fabula,
1370 2745 1490 2782 quam
1534 2731 1631 2772 Ari-2

1697 2850 1716 2899 ssss.
