1716 3164
219 159 301 199 982
756 155 1167 205 Ams'rOPHANJs

333 268 567 309 Athenaeus
599 267 652 308 IV
683 280 723 320 p.
755 267 836 306 113
865 267 921 307 B:
952 261 1165 306 ”Hoffiov
1193 265 1238 306 δὲ
1265 267 1338 308 καὶ
1367 267 1560 320 τέττιγας
1588 266 1662 307 καὶ

218 331 433 392 κερκώπας
478 330 818 387 ἀναστομώσεως
856 332 997 388 χάριν.
1067 332 1392 389 Ἀριστοφάνης
1430 333 1662 392 Ἀναγύρῳ

219 403 340 461 Πρὸς
377 402 496 445 θεῶν
525 402 600 458 ἐρᾷ
628 403 704 443 κτλ
781 401 939 457 ἔραμαι
981 406 1186 446 Porsonus
1224 407 1399 459 scripsit.
1457 407 1660 459 Quemad-

221 477 383 516 modum
422 475 639 527 Euripides
697 475 736 513 in
779 474 1004 527 Hippolyto
1043 475 1269 515 Phaedram
1312 477 1456 516 amoris
1501 475 1662 515 vesania

221 546 416 599 percitam
446 545 525 583 ista
554 545 693 583 dicere
722 543 821 583 fecit
849 558 886 584 v.
916 545 1018 584 219:
1056 541 1177 597 Πρὸς
1205 541 1349 593 θεῶν,
1379 540 1537 597 ἔραμαι
1564 543 1663 583 κυσὶ

221 608 395 663 θωΰξαι
430 611 503 651 καὶ
539 609 657 666 παρὰ
693 608 852 664 χαίτην
889 610 1064 662 ξανθὴν
1100 615 1250 668 ῥῖψαι,
1286 614 1342 654 ita
1371 614 1663 666 Aristophanes

221 685 335 724 fluxit
364 683 612 723 fastidiosam
643 682 879 730 mulierum,
919 684 1093 736 privigni
1122 696 1260 723 amore
1287 684 1547 735 flagrantem,
1585 683 1664 722 ista

222 753 383 793 dicere:
421 753 631 804 voluitque
668 751 738 790 illa
774 752 947 804 aucupio
984 752 1064 801 uti,
1102 752 1441 804 quemadmodum
1478 752 1664 792 Phaedra

221 821 371 862 venari.

883 875 995 917 V111.

633 953 720 1010 Οὐχ
748 954 923 1009 ἑψητῶν
951 953 1085 1006 λοπάς
1112 955 1242 999 ἐστιν.

330 1041 564 1082 Athenaeus
597 1041 672 1080 VII
702 1054 742 1093 p.
774 1042 852 1081 301
889 1044 943 1083 A:
969 1037 1163 1093 Ἐψητὸς
1191 1039 1262 1081 ἐπὶ
1291 1038 1377 1080 τῶν
1406 1036 1570 1078 λεπτῶν
1597 1032 1660 1089 ἰχ-

220 1106 419 1148 θυδίων·
453 1104 776 1162 Ἀριστοφάνης
804 1109 850 1149 ἐν
875 1106 1101 1165 Ἀναγύρῳ
1135 1106 1220 1163 Οὐχ
1250 1106 1321 1164 ἑψ.
1350 1108 1375 1148 λ
1419 1106 1549 1150 ἐστιν.

913 1211 983 1250 IX.

437 1286 497 1331 Εἰ
521 1289 581 1345 μή
613 1291 876 1346 παραμυθεῖ
898 1288 950 1345 μ’
982 1288 1187 1346 ὀψαρίοις
1214 1288 1428 1334 ἑκάστοτε.

328 1375 563 1416 Athenaeus
592 1377 690 1418 VIII
721 1390 761 1428 p.
792 1376 873 1415 385
904 1378 958 1416 F:
1007 1372 1068 1415 Τὸ
1103 1375 1149 1414 ἐν
1188 1372 1421 1432 Ἀναγύρῳ
1457 1373 1661 1429 Ἀριστο-

223 1438 388 1496 φάνους
417 1439 477 1483 Εἰ
501 1441 562 1497 μὴ
592 1443 680 1485 κτλ.
726 1441 824 1484 ἀντὶ
853 1442 930 1483 τοῦ
961 1440 1304 1500 προσοψήμασιν
1330 1442 1552 1498 ἀκούομεν.
1583 1448 1661 1487 Le-

223 1514 395 1564 gebatur
424 1509 740 1566 παραμύθημ’,
770 1515 876 1566 quod
908 1516 1082 1554 correxit
1110 1517 1349 1557 Brunckius.
1406 1516 1663 1569 Phrynichus

222 1582 349 1621 Bekk.
381 1583 397 1622 l
428 1597 463 1635 p.
496 1584 552 1622 53
579 1583 629 1622 5:
665 1578 908 1636 Ὀψάριον·
939 1583 988 1623 τὸ
1017 1580 1146 1638 ὄψον,
1176 1579 1272 1638 οὐχὶ
1299 1582 1399 1632 τοὺς
1429 1579 1581 1638 ἰχθῦς·
1618 1583 1660 1623 οἱ

223 1647 268 1688 δὲ
297 1648 375 1690 νῦν
398 1648 497 1699 τοὺς
527 1646 658 1704 ἰχθῦς
688 1651 904 1704 λέγουσιν.

919 1736 971 1778 Χ.

665 1815 793 1869 Πλὴν
821 1815 999 1872 ἀλεύρου
1027 1817 1101 1858 καὶ
1129 1812 1247 1875 ῥόας.

332 1901 567 1943 Athenaeus
596 1902 691 1945 XIV
720 1918 759 1956 p.
790 1903 872 1942 650
901 1904 960 1943 E:
1005 1899 1101 1940 Τῶν
1134 1897 1216 1957 γᾶρ
1247 1899 1479 1957 ἀπυρήνων
1505 1898 1658 1956 (ῥοῶν)

223 1964 548 2023 ὶΑριστοφάνης
586 1969 632 2009 ἐν
681 1971 884 2025 [ἓωργοῖς
930 1962 1187 2024 μνημονεύει
1229 1971 1303 2011 καὶ
1346 1970 1391 2010 ἐν
1430 1965 1659 2024 ’Λναγύρῳ

225 2035 351 2088 Πλὴν
377 2038 466 2080 κτλ.

435 2124 439 2127 -
893 2098 965 2137 XI.

521 2176 610 2217 Καὶ
637 2175 726 2231 μὴν
749 2177 859 2232 χθές
887 2174 931 2231 γ’
965 2169 1018 2228 ἧν
1047 2176 1210 2233 Πέρδιξ
1234 2174 1385 2232 χωλός.

336 2261 562 2326 Scholiasta
599 2264 697 2302 Avv.
739 2275 776 2302 v.
807 2263 941 2302 1292:
978 2257 1035 2300 ‘0
1070 2259 1234 2316 Πέρδιξ
1270 2257 1410 2314 ὄνομα
1445 2257 1659 2310 καπήλου·

219 2326 358 2381 χωλὸς
390 2328 436 2369 δὲ
466 2328 519 2379 ὴν
548 2322 691 2378 οὗτος·
714 2327 985 2394 μνημονεύει
1015 2329 1041 2369 ὃ
1058 2326 1068 2340 '
1100 2329 1236 2370 αὑτοῦ
1262 2331 1336 2370 καὶ
1365 2330 1411 2370 ἐν
1438 2325 1665 2385 Ἀναγύρῳ

225 2398 318 2438 Καὶ
346 2397 434 2451 μὴν
458 2399 569 2452 χθὲς
596 2397 677 2451 γὰρ
707 2396 760 2447 ἠν
789 2399 849 2440 II.
875 2413 916 2452 χ.
948 2402 1145 2450 (correxit
1175 2403 1400 2452 Porsonus)
1438 2396 1593 2439 τούτου
1619 2397 1667 2454 δὲ

224 2467 376 2507 πολλοὶ
393 2469 657 2521 μέμνηνται·
687 2463 775 2507 ἀπὸ
805 2465 960 2508 τούτου
989 2467 1035 2508 δέ
1059 2483 1171 2522 ᾳασι
1191 2469 1270 2518 τήν
1299 2466 1540 2522 παροιμίαν
1546 2466 1666 2530 μέρ-

226 2534 345 2583 &mog
371 2536 530 2586 σκέλος,
558 2529 608 2585 ἡς
637 2536 710 2575 καὶ
738 2533 1060 2591 Ἀριστοφάνης
1088 2538 1134 2578 ἐν
1163 2540 1257 2586 ταῖς
1285 2535 1483 2591 ἀμέτροις
1512 2549 1664 2589 παροι-

222 2600 346 2655 μίαις
385 2602 655 2658 μνημονεύει.
723 2609 957 2660 Cauponem
995 2609 1125 2648 fuisse
1158 2609 1369 2650 Perdicem
1397 2607 1548 2646 indicat
1575 2607 1664 2659 ipse

223 2674 514 2726 Aristophanes
543 2677 582 2714 in
600 2676 772 2716 Avibus:
806 2674 968 2729 Πέρδιξ
993 2678 1073 2729 μὲν
1100 2670 1159 2723 εἷς
1187 2672 1375 2723 κάπηλος
1403 2670 1658 2726 ὠνομάζετο,
