1716 3164
583 157 628 198 K
639 154 807 200 ΥΚΛΩ
815 155 950 199 ΠΕΣ.
1416 159 1500 199 ἰῧΊ

0 280 3 328 i
740 287 810 328 IV.

83 372 262 424 Ψυλλάς
292 369 318 424 ἡ
351 371 540 413 ὃειπνων
582 366 818 418 κατάλυσις
846 363 925 421 ἥδε
954 366 1165 425 καθάπερ
1193 364 1444 424 σχημάτων.

136 490 376 530 Athenaeus
406 488 463 529 IV
493 500 533 539 p.
558 485 643 526 140
660 497 708 524 e:
751 474 821 523 ὅτι
853 480 899 522 δὲ
927 478 1039 531 ἔθος
1067 472 1124 533 ἦν
1153 483 1246 532 τοῖς
1273 479 1412 523 πάλαι
1440 483 1516 524 καὶ

23 554 170 615 φύλλα
202 555 374 612 δάφνης
405 551 828 609 τραγηματίζεσθαι
848 550 1048 602 Καλλίας
1078 548 1107 605 ἢ
1137 552 1321 604 Διοκλῆς
1349 553 1397 593 ἐν
1426 555 1518 602 τοῖς

25 626 243 683 Κύκλωψί
274 639 413 682 φησιν
443 619 588 673 οὕτως
632 621 810 673 ψυλλάς
852 624 954 666 κτλ..
1006 627 1146 680 Vulgo
1177 624 1324 680 ςιῦλλοι
1365 622 1422 665 σὺ
1459 628 1517 677 (Λ

25 699 218 756 φυλαση,
265 701 298 740 Β
340 692 560 752 ᾳῦλοὲση)
602 692 794 735 διίπνων
834 693 1116 744 καταλύσεις·
1154 692 1180 746 ἡ
1221 694 1267 737 δὲ
1303 691 1518 751 καθάπερ

10 768 277 826 σχημάτων.
346 769 594 810 Emendavit
623 769 887 819 Erfurdtius‚
919 770 996 810 nisi
1027 769 1139 822 quod
1171 769 1382 823 vulgatum
1413 763 1439 818 ἡ
1471 765 1518 807 δὲ

10 849 71 885 ¹et
99 846 294 897 puuctum
341 846 436 894 post
464 834 703 886 κατάλυσις
732 840 916 892 reliquit.

747 955 796 995 V.

149 1040 386 1080 Athenaeus
427 1038 503 1080 Vl!
543 1052 583 1091 p.
615 1039 699 1079 285
717 1052 754 1079 e.
793 1039 846 1078 de
885 1039 1003 1091 apuis
1041 1039 1272 1079 disserens:
1316 1032 1521 1085 Καλλίας

34 1105 254 1162 Κύκλωψι
292 1105 446 1158 Πρὸς
484 1106 579 1158 τῆς
617 1104 800 1163 ἀφύης
831 1107 925 1159 τῆς
953 1103 1198 1158 ἡδίστης.
1259 1108 1322 1149 Ita
1361 1109 1520 1149 Porso-

35 1195 113 1224 nus
145 1182 317 1223 Advers.
359 1195 398 1233 p.
431 1181 499 1221 92.
561 1181 696 1233 Vulgo
737 1174 836 1233 πρό.
896 1180 1064 1220 Ludere
1102 1180 1268 1219 videtur
1306 1181 1349 1220 in
1388 1179 1521 1220 ambi-

38 1254 197 1307 gnitate
227 1251 415 1292 vocabuli
446 1244 581 1304 ἀφύη,
612 1252 723 1303 quod
754 1255 795 1291 et
819 1253 943 1304 piscis
973 1256 1015 1290 et
1045 1251 1339 1291 meretriculae
1368 1263 1522 1292 nomen

36 1329 113 1364 est.
174 1323 224 1365 V.
255 1335 380 1376 supra
409 1335 450 1375 p.
481 1322 562 1362 721
596 1327 638 1361 et
669 1323 749 1362 Th.
781 1322 1003 1374 Bergkium
1036 1323 1269 1363 Commeat.
1299 1335 1341 1375 p.
1374 1321 1473 1362 316.

738 1445 810 1487 Vl.

147 1530 388 1572 Athenaeus
418 1531 495 1574 XV
526 1545 565 1584 p.
596 1531 679 1571 667
698 1529 744 1570 d:
795 1524 958 1582 ὁμοίως
1010 1526 1057 1569 δὲ
1097 1527 1390 1585 διεξέρχονται
1427 1526 1524 1579 Κη-

34 1596 288 1658 φισόὸωρος
329 1599 376 1640 ἐν
419 1600 662 1657 Τροφωνίῳ
702 1601 778 1640 καὶ
815 1597 1020 1649 Καλλίας
1055 1595 1084 1651 ἢ
1123 1599 1309 1651 Διοκλῆς
1344 1598 1390 1640 ἐν
1429 1594 1524 1639 Κύ-

33 1668 229 1726 κλωψιν,
273 1673 363 1714 scil.
394 1667 458 1729 ᾠὰ
487 1672 562 1713 καὶ
593 1667 821 1726 πεμμάτια
861 1672 937 1712 καὶ
973 1669 1240 1728 τραγήματα
1278 1685 1372 1714 esse
1401 1683 1524 1725 prae·

36 1745 121 1786 mia
153 1743 401 1785 cottabismi.

741 1829 833 1870 Vll.

154 1913 344 1956 Suidasl
372 1913 536 1967 p.310:
566 1910 736 1968 εἴρηται
766 1911 812 1953 δὲ
842 1908 1033 1968 ἀράχνης
1067 1913 1142 1953 καὶ
1171 1906 1284 1967 παρ’
1314 1905 1525 1967 εΗσιόδῳ

37 1983 113 2025 καὶ
160 1981 282 2039 παρὰ
326 1979 541 2040 Πινδάρῳ
584 1985 660 2025 καὶ
708 1981 829 2040 παρὰ
872 1980 1070 2040 Καλλίᾳ.
1138 1981 1317 2036 λέγουσι
1362 1980 1409 2023 δὲ
1450 1981 1528 2022 καὶ

24 2052 252 2111 1οἶροιχνικὸι
281 2056 458 2104 (Bernh.
489 2057 596 2097 coni.
626 2051 880 2111 άραχνικὸς)
911 2051 1001 2096 ἀπὸ
1031 2053 1109 2106 τῆς
1137 2050 1332 2111 ἀράχνης
1363 2049 1526 2109 ὀρθῆς.

41 2123 246 2174 Καλλίας
264 2121 508 2175 Κύκλωψιν
525 2120 736 2182 ἿΩσπερ
766 2123 1071 2182 άραχνικὸς
1101 2123 1202 2177 τὴν
1227 2121 1362 2166 ὁδὸν
1391 2137 1528 2179 προ-

25 2193 381 2252 φορούμενοι,
438 2200 545 2249 sive,
576 2203 622 2239 ut
651 2200 939 2240 Bernhardius
976 2213 1026 2239 ex
1055 2211 1139 2239 uno
1171 2199 1317 2239 codice
1346 2197 1529 2250 scripsit,

43 2266 404 2321 προᾳορουμὲνω.
476 2271 662 2319 Eadem,
702 2270 777 2310 sed
808 2270 959 2309 omi-so
1002 2270 1162 2310 Calliae
1198 2280 1349 2317 versu,
1402 2267 1531 2307 habet

45 2338 348 2378 Grammaticus
378 2340 559 2379 Bekkeri
588 2341 747 2380 Anecd.
778 2353 819 2392 p.
838 2340 925 2379 442
956 2339 1013 2379 in.
1044 2339 1114 2378 ubi
1144 2351 1220 2391 pro
1251 2333 1373 2392 παρὰ
1402 2335 1528 2376 Καλ-

44 2403 121 2462 λίᾳ
151 2407 308 2446 editum
340 2413 404 2448 est
435 2405 557 2463 παρὰ
587 2407 797 2457 καλλίοις.
856 2410 920 2450 De
949 2408 1085 2449 forma
1114 2403 1350 2462 ἄραχνικὸς
1379 2409 1530 2449 merito

28 2475 204 2519 'dubitat
234 2478 531 2522 Bernhardius.
597 2482 713 2522 Idem
750 2481 876 2521 verba
916 2474 1005 2519 ἀπὸ
1043 2476 1122 2528 τῆς
1164 2474 1356 2534 ἀράχνης
1385 2472 1533 2533 ὀρθῆς

45 2562 130 2591 non
167 2561 244 2590 suo
281 2549 375 2589 loco
415 2552 549 2603 posita
587 2565 681 2610 esse
710 2556 753 2591 et
790 2553 833 2592 in
864 2551 1021 2592 Calliae
1057 2541 1181 2592 versu
1216 2543 1364 2605 ὥσπερ
1392 2545 1439 2603 γ’
1469 2550 1531 2590 le-

2 2623 3 2627 ’
44 2619 228 2675 gendum
269 2632 362 2661 esse
398 2622 639 2663 arbitratur.
709 2622 818 2663 Mihi
847 2622 1000 2663 Suidas
1039 2626 1235 2676 excerpta
1274 2635 1324 2663 ex
1359 2620 1532 2661 diversis

3 2724 5 2726 .
46 2690 324 2746 grammaticis
351 2694 512 2732 temere
539 2693 816 2742 coniunxisse,
847 2698 890 2734 et
919 2706 1002 2734 non
1031 2686 1260 2747 ἀραχνικά,
1290 2692 1366 2734 sed
1396 2686 1529 2745 ἀράχ-

40 2773 127 2806 ,ναι
164 2761 380 2815 scripsisse
417 2763 603 2814 videtur,
641 2764 726 2806 hoc
761 2776 907 2806 sensu:
950 2763 1094 2805 dicunt
1130 2763 1256 2805 etiam
1294 2756 1483 2817 ἀράχναι
1509 2775 1534 2803 a

100 2841 268 2876 Comoed.
303 2847 373 2876 ant.
1199 2833 1255 2874 47
